2725 4859
456 287 565 362 a
1034 309 1465 360 mrem-ro
1501 309 1668 362 ωσι
1708 308 2103 360 mamm

459 449 661 545 pliori
710 448 969 541 hymn
1019 447 1571 541 exponendarum
1607 447 1830 541 prima
1873 457 2138 520 tantum
2171 448 2409 543 Μ
2457 445 2700 521 videm

372 579 385 586 ·
460 554 745 640 semina,
789 561 864 620 ut
890 550 1111 620 inillh
1137 574 1199 621 v.
1228 549 1300 620 4.
1328 575 1526 643 seqq.

528 681 643 761 “oe
681 684 831 792 argiv
872 678 985 765 niv
1025 681 1177 748 κατᾶ
1218 690 1402 768 γαῖαν
1444 678 1802 765 ἆθὲσφατον
1841 677 1960 767 ἡδὶ
1998 680 2322 749 θάλασσαν

551 775 944 850 Πλαζομενος
984 775 1302 856 πομπῇσιν
1342 764 1450 834 ὑπ’
1491 765 1869 851 Εὐρυσθῆος
1911 767 2172 846 ἄνακτος
2219 769 2552 849 (manile-tt

712 859 949 918 tm
790 858 803 872 ⁸
892 856 908 872 ‘
988 855 1224 918 Homeri
1263 855 1423 917 Iliad.
1471 849 2256 1004 am.‚mpsvovvid
2307 848 2704 935 Euevffluc'
2593 856 2628 871 ⁶

548 1017 760 1088 Hono}
805 1017 923 1106 μὲν
983 1015 1169 1102 αὖτδς
1224 1022 1425 1112 ἔρεξεν
1487 966 1839 1102 &defleam
1914 940 2153 1104 (guva,
2213 1019 2498 1103 stupenda
2549 1024 2700 1083 faei-

628 1131 637 1136 ·
1703 1112 1874 1190 nora)
1917 1105 2112 1173 πολλοὶ
2153 1103 2207 1173 δ’
2255 1104 2491 1188 ἀνέτλη.

451 1233 612 1302 Non
651 1253 929 1323 possum
967 1231 1140 1300 enim
1182 1230 1482 1301 assentiri
1522 1227 1627 1301 Cl.
1662 1229 2167 1318 &adden-hio,
2218 1231 2333 1321 qui
2359 1230 2425 1297 in
2466 1229 2695 1300 Com-

452 1336 893 1405 mentationc
917 1335 1014 1405 de
1039 1334 1476 1427 hymnorum
1508 1334 2070 1406 Homericorum
2098 1332 2531 1426 reliqniis'p.
2555 1330 2691 1400 48.

444 1447 688 1531 putat,
741 1437 876 1505 hoc
916 1438 1370 1529 fragmentum
1395 1460 1530 1507 non
1568 1462 1715 1508 esse
1738 1438 1972 1531 hymni
2014 1438 2323 1524 alicuius,
2374 1434 2499 1506 sed
2527 1458 2694 1502 cur—

450 1540 643 1609 minis
708 1539 918 1632 epici,
970 1539 1385 1630 Heracleae,
1439 1537 1806 1611 exordium.
1925 1541 2248 1609 Rationes
2329 1533 2694 1630 angustiae

448 1641 646 1713 huius
710 1642 1087 1736 scriptionis
1138 1666 1270 1711 non
1325 1643 1619 1736 capiunt.
1762 1643 1992 1738 Magis
2049 1642 2303 1711 arridet
2350 1641 2692 1711 sententia

451 1744 839 1838 Koeppenii
879 1748 948 1816 in
984 1745 1262 1816 Anthol.
1307 1747 1460 1816 Vol.
1489 1747 1540 1816 1.
1578 1769 1650 1838 p.
1678 1744 1800 1816 69.
1839 1749 1957 1837 qui
2005 1745 2428 1839 prooemium
2473 1742 2689 1814 fuisse

453 1849 685 1919 censet
707 1848 1030 1943 rhapsodi
1055 1850 1121 1918 in
1147 1848 1476 1920 sacrificio
1501 1850 1784 1941 privato.
1862 1848 2268 1940 Hymnodos
2296 1847 2527 1915 dicere
2551 1845 2689 1916 de-

449 1952 733 2040 buisset,
788 1952 877 2021 de
916 1953 1158 2043 quibus
1194 1953 1382 2034 vide,
1434 1975 1611 2042 quae
1652 1954 1964 2022 observat
1991 1949 2366 2042 Spanhem.
2390 1949 2484 2018 ad
2514 1947 2690 2020 cal-

451 2054 589 2123 lim.
634 2078 703 2146 p.
733 2051 1061 2124 27-29.
1108 2056 1251 2125 Sed
1278 2066 1351 2125 ut
1377 2055 1467 2124 ad
1490 2055 1843 2149 Virgilium
1863 2105 1886 2143 ,
1935 2055 2118 2126 unde
2156 2053 2426 2122 deflexit
2459 2054 2690 2122 oratio

446 2165 850 2243 revertatur,
900 2159 1141 2227 mirum
1167 2182 1327 2229 sane
1352 2159 1653 2247 videtur,
1691 2157 1967 2244 omnes,
2013 2181 2181 2249 quos
2207 2155 2487 2247 quidem
2514 2178 2692 2224 con-

445 2258 666 2328 sulere
704 2258 925 2347 licuit,
974 2261 1373 2352 interpretes
1423 2261 1680 2331 silentio
1733 2261 2155 2353 praeteriisse
2197 2281 2432 2328 causas
2447 2308 2471 2345 ,
2525 2260 2690 2348 qui-

441 2360 572 2430 bus
619 2371 968 2453 permotus
1016 2374 1226 2455 poem
1267 2364 1679 2433 acutissimus
1732 2387 1818 2433 ex
1861 2364 2302 2457 amplissimo,
2354 2383 2535 2448 quae
2588 2359 2687 2431 de

442 2462 742 2532 Hercule
780 2465 1160 2556 praedicari
1184 2476 1501 2559 possent,
1551 2466 1826 2536 laudum
1866 2467 2135 2546 cumulo
2161 2489 2243 2534 ea
2267 2474 2528 2532 tanturm
2554 2461 2688 2534 de-

442 2565 751 2636 libaverit
777 2577 843 2636 et
869 2568 1217 2661 selegerit,
1274 2592 1451 2659 qnae
1473 2569 1586 2636 hic
1612 2571 1846 2661 paucis
1872 2577 2399 2638 commemorata
2424 2568 2684 2659 legun-

441 2667 600 2738 tur?
642 2670 816 2739 Cum
844 2671 1018 2739 enim
1046 2673 1588 2764 praestantissimi
1611 2681 1861 2764 poetae
1883 2673 1990 2741 vel
2017 2672 2464 2763 praecipuum
2493 2673 2562 2739 in
2591 2693 2686 2739 eo

436 2779 783 2865 spectetur
806 2775 1195 2861 artificium,
1249 2784 1354 2863 ut,
1408 2791 1849 2865 quaecunque
1873 2777 1983 2844 vel
2009 2776 2080 2843 in
2117 2774 2276 2867 ipsis
2314 2773 2494 2842 adeo
2519 2775 2688 2865 qai-

438 2874 645 2945 sodiis
672 2878 944 2945 carmini
970 2900 1094 2947 suo
1134 2879 1518 2965 intexuerit,
1571 2878 1734 2948 locis
1761 2889 2017 2966 tamen,
2068 2877 2369 2971 personis
2398 2886 2476 2947 et
2497 2886 2684 2944 tem—

328 2997 417 3063 21
441 2978 597 3068 Pori
622 2987 796 3069 ,apta
834 2988 902 3047 et
940 2980 1451 3049 accommodata
1489 2982 1825 3073 reperias3
1875 2980 1991 3049 hic
2028 2993 2303 3070 quoque
2340 3001 2504 3048 m
2543 2980 2686 3049 gibi

438 3079 809 3148 constitisse
847 3094 973 3149 nec
998 3095 1289 3170 temere,
1339 3105 1519 3173 quae
1554 3084 1848 3176 primum
1875 3084 2099 3151 animo
2142 3082 2409 3174 poetico
2437 3081 2688 3152 furore

436 3180 670 3249 afflato
696 3182 1050 3253 obversata
1076 3185 1353 3274 fuerint,
1407 3185 1763 3268 effudisse,
1830 3185 2152 3256 credibile
2191 3193 2313 3254 est.
2414 3184 2687 3255 Fateor

438 3282 602 3352 mihi
629 3307 902 3375 quoque
928 3287 1284 3372 accidisse,
1336 3288 1527 3380 quod
1568 3290 1811 3359 accidit
1853 3289 2130 3359 forsitan
2168 3286 2442 3377 reliquis
2468 3287 2687 3358 inter-

433 3386 773 3479 pretibus,
839 3399 913 3456 ut
964 3413 1119 3459 cum
1168 3391 1466 3483 primum
1516 3391 1703 3476 hunc
1754 3392 1980 3461 locum
2032 3390 2448 3460 auditoribus
2499 3393 2684 3461 meis

290 3525 297 3530 ·
436 3512 850 3577 enarrarem,
904 3492 993 3561 ad
1047 3514 1316 3580 causas,
1372 3494 1614 3585 quibus
1669 3491 1978 3564 inductus
2032 3494 2205 3563 haec
2241 3492 2684 3584 potissimum

431 3593 503 3662 in
526 3594 837 3663 Herculis
864 3594 1172 3664 laudibus
1215 3598 1764 3667 commemoravit
1785 3606 1993 3691 poeta
2011 3647 2032 3684 ,
2082 3596 2375 3665 animum
2416 3618 2682 3687 parum

357 3774 363 3780 ¹
433 3696 873 3770 attenderem.
989 3699 1576 3788 Acquiescendnm
1616 3701 1780 3769 mihi
1830 3723 1978 3770 esse
2015 3709 2408 3793 putaveram
2447 3700 2522 3766 in
2561 3721 2678 3790 eo,

431 3800 622 3890 quod
644 3801 847 3871 facile
872 3800 1039 3872 mibi
1062 3803 1130 3871 in
1154 3811 1450 3872 mentem
1473 3805 1704 3873 venire
1727 3811 2019 3896 poterat,
2070 3804 2372 3872 colorem
2397 3799 2680 3874 duxisse

330 3904 334 3914 '
428 3911 707 3994 poetam
733 3903 1188 3976 doctissimum
1228 3929 1271 3974 a
1297 3906 1589 3974 carmine
1631 3905 1856 3997 aliquo
1881 3904 2189 3992 Graeco,
2239 3904 2376 3972 iam
2401 3903 2679 3997 deper-

432 4001 606 4086 dito,
661 4013 731 4070 et
767 4028 945 4093 quae
972 4010 1065 4078 ibi
1104 4008 1195 4078 de
1234 4006 1424 4077 factis
1453 4007 1766 4078 Herculis
1805 4008 2185 4100 e1.ingenti
2220 4028 2511 4077 numero
2537 4008 2676 4080 de-

431 4111 666 4195 cerpta
694 4117 947 4195 essent,
982 4133 1105 4180 suo
1131 4135 1405 4204 quoque
1429 4111 1777 4183 inseruisse
1803 4111 2080 4181 carmini
2100 4112 2200 4203 ¹0¹).
2302 4108 2444 4177 Hic
2488 4135 2675 4203 quo-

431 4359 477 4412 d
564 4294 2670 4413 Dssxtutffieduminnoemlmhymmincporqtngioesppdffl

479 4376 619 4427 2¹¹³
709 4373 816 4412 0¹⁶⁰·
967 4363 1330 4425 ,ste—m.
1418 4372 2670 4445 Sedcnmlongeahudmooeoum-do
