2725 4859
422 240 529 313 24
944 209 2280 314 numano-mnu.-

1491 401 1610 474 m.

630 541 779 612 Sed
842 542 1232 635 priusquam
1282 541 1372 612 ad
1421 543 1570 638 ipsa
1631 541 1747 612 illa
1796 547 2192 636 argumenta
2251 565 2300 635 p

432 648 749 739 exemplo
777 670 816 715 e
842 649 1213 716 recentiore
1238 643 1470 741 lingua
1493 648 1707 739 petito
1730 668 1877 714 rem
1899 645 2225 714 illustrare
2250 647 2470 715 liceat.
2519 645 2604 714 P

434 769 703 836 narnus,
754 772 878 818 nos
916 749 1468 843 Francogallicae
1505 751 1774 843 ling-uae
1824 749 2090 841 penitus
2130 747 2653 841 cognoscenda

368 854 416 920 6
436 851 803 944 cupiditate
829 875 1167 938 accensos,
1197 855 1476 948 arreptis
1490 854 1723 947 primis
1743 852 1890 939 illis,
1921 875 2095 945 quae
2109 853 2274 920 ratio
2298 867 2658 944 gramm

430 955 564 1024 fica
614 954 854 1040 docet,
923 957 1300 1044 elementis,
1364 957 1656 1026 maximo
1714 956 1971 1048 impetu
2021 954 2110 1024 ad
2158 954 2498 1047 perlustra
2657 945 2690 970 ““

430 1058 960 1151 praeclarissima
1008 1083 1347 1151 quaeque,
1401 1057 1642 1152 quibus
1680 1059 1912 1153 lingua
1950 1059 2066 1136 illa
2105 1057 2467 1150 magnifice

434 1161 667 1250 effert,
722 1172 791 1230 et
828 1163 1103 1231 salivam
1156 1164 1256 1231 sui
1304 1171 1568 1250 movet,
1621 1171 2046 1231 monumenta
2085 1157 2246 1229 ferri
2297 1169 2363 1228 et
2408 1160 2692 1256 abripi.

432 1265 711 1350 Nonne,
766 1265 819 1334 si
843 1268 1145 1357 perlecta
1170 1288 1302 1335 una
1327 1273 1531 1358 atque
1568 1266 1779 1334 altera
1800 1266 2074 1358 pagella
2097 1255 2483 1332 utilissimae
2516 1265 2694 1334 ou!—

432 1368 766 1454 lectionis,
819 1369 908 1436 ab
943 1369 1394 1438 Illustrissimo
1422 1369 1759 1440 Gedickio
1805 1369 2059 1456 factae,
2112 1369 2326 1436 statim
2367 1363 2718 1437 adhin-¹

433 1471 632 1556 lierii,
680 1471 1081 1541 Destouchii
1124 1473 1233 1542 vel
1260 1471 1647 1542 Marinusii
1672 1471 1973 1559 fabulas,
2023 1470 2302 1540 mellitas
2325 1469 2478 1537 illas
2511 1471 2695 1561 qui-

435 1572 593 1642 dem
634 1582 703 1641 et
745 1575 914 1641 mira
951 1573 1501 1668 stancofflfioee
1541 1575 1928 1644 urbanitatis
1967 1574 2284 1643 suavitate
2323 1573 2720 1662 conditas,

432 1675 591 1763 sed,
640 1677 759 1744 ubi
799 1697 1032 1748 omnes
1073 1679 1395 1749 sermonis
1438 1702 1716 1749 veneres
1742 1687 1811 1747 et
1833 1678 2104 1747 virtutes
2135 1675 2433 1744 nondum
2459 1677 2694 1768 peni-

432 1787 540 1848 tus
611 1780 953 1850 imbiberis
974 1833 996 1869 ,
1061 1781 1402 1852 intellectu
1456 1777 1916 1868 difficillimas,
1984 1779 2506 1867 transiliamus,
2569 1787 2694 1850 te-

434 1903 622 1951 mere
673 1889 743 1952 et
779 1885 1219 1977 praepostere
1271 1909 1312 1954 a
1350 1887 1547 1956 nobis
1597 1883 1852 1954 factum
1905 1891 1974 1953 et
2012 1881 2397 1970 ridiculum,
2471 1884 2724 1974 qnod¹

435 1984 685 2053 Graeci
705 1988 1092 2079 appellant,
1133 1982 1674 2084 ὑστερόπρωτον
1716 1988 2140 2057 commissum
2167 2009 2341 2072 esse,
2399 2007 2695 2074 omnes,

433 2089 551 2176 qui
577 2088 699 2156 sibi
726 2112 969 2180 sapere
994 2092 1247 2183 aliquid
1270 2095 1337 2162 in
1364 2092 1469 2161 his
1498 2091 1837 2178 videntur,
1880 2089 2338 2159 clamitarent?
2387 2085 2696 2178 Nonne,

432 2190 597 2258 dnm
634 2192 703 2259 in
742 2193 1017 2285 singulis
1052 2193 1391 2284 formulis,
1444 2195 1870 2264 allusionibus
1910 2201 1978 2262 et
2005 2192 2263 2262 facetiis
2290 2191 2696 2262 enuclean—

432 2287 535 2361 dis
552 2293 676 2362 ‘diu
704 2295 1122 2387 multumque
1148 2299 1394 2368 frnstra
1420 2295 1919 2384 desudaremus,
1959 2318 2178 2365 annuo
2203 2295 2314 2366 vel
2337 2294 2434 2362 ad
2455 2315 2697 2372 mmm

432 2393 733 2465 fabulam
760 2397 1249 2491 per-legendam
1274 2403 1466 2471 nobis
1508 2425 1684 2494 opus
1712 2409 1889 2471 esset
1913 2399 2176 2494 spatio?
2223 2398 2407 2484 Iuro,
2457 2399 2591 2469 via
2620 2410 2700 2469 et

261 2497 267 2506 '
330 2529 367 2556 ο
434 2497 671 2566 ordine
710 2499 881 2568 haec
907 2525 1180 2592 quoque
1221 2506 1978 2598 procedanthoportet.
2079 2501 2380 2571 Libellos
2424 2502 2695 2595 plures

432 2600 615 2670 tenui
652 2605 969 2674 orationis
1005 2605 1123 2674 filo
1170 2607 1499 2678 deductos
1541 2619 1612 2676 et
1635 2607 1934 2700 pedestri
1971 2606 2273 2676 oratione
2301 2605 2698 2702 conscrip-

284 2711 295 2720 ‘
433 2715 541 2773 tos
580 2706 695 2774 ubi
734 2707 1144 2802 perlegeris,
1198 2722 1443 2803 sponte
1487 2711 1740 2779 aditum
1766 2711 1888 2778 tibi
1926 2709 2342 2802 patefactum
2382 2731 2548 2777 esse
2577 2709 2700 2777 vi-

354 2889 364 2894 ·
437 2807 630 2878 debis
669 2810 759 2878 ad
802 2811 1177 2881 difficiliora
1220 2825 1573 2907 poetarum
1614 2815 1864 2905 scripta
1899 2810 2369 2906 intelligenda,
2425 2809 2700 2901 quibus

434 2907 874 2980 Comicorum
903 2916 1103 2983 etiam
1136 2917 1398 2985 fabulas
1436 2920 1771 2986 accenseri
1785 2968 1830 3012 ,Ι
1858 2917 2188 2984 neminem
2215 2915 2410 3006 fugit.
2521 2915 2702 2987 No-

434 3013 714 3082 tandum
750 3026 974 3083 autem
1003 3019 1135 3104 es't,
1188 3022 1548 3113 scriptores
1578 3020 1932 3105 Comicos,
1985 3041 2124 3109 quo
2164 3020 2377 3111 magis
2420 3015 2704 3116 vulga-

435 3114 619 3185 ribus
663 3129 731 3184 et
772 3140 890 3186 ore
926 3120 1168 3213 populi
1195 3124 1362 3192 tritis
1404 3133 1673 3191 utantur
1712 3123 2162 3206 sermonibus,
2215 3144 2298 3189 eo
2321 3119 2706 3192 intellectu

436 3240 587 3285 esse
626 3219 1056 3296 difficiliores.
1161 3225 1603 3319 Quapropter
1655 3225 1842 3294 haud
1882 3225 2214 3294 immerito
2267 3235 2706 3295 censuerunt

435 3320 663 3390 idonei
688 3323 930 3394 harum
971 3349 1196 3395 rerum
1225 3331 1453 3398 arbitri
1471 3381 1492 3416 ,
1544 3330 1833 3399 lectione
1861 3328 2292 3398 Comicorum
2329 3327 2706 3421 fastigium

437 3426 624 3514 quasi
668 3425 1154 3518 imponendum
1194 3455 1341 3500 esse
1382 3433 1565 3500 omni
1605 3433 1878 3525 linguae
1927 3433 2384 3519 cuiuscunque
2423 3432 2702 3520 emsa,

434 3550 642 3618 quam
682 3533 1073 3600 sententiam
1102 3535 1355 3605 crebris
1400 3536 1602 3604 etiam
1632 3558 1902 3621 eorum,
1955 3535 2073 3625 qui
2109 3557 2181 3602 se
2213 3532 2539 3603 doctores
2567 3558 2702 3604 re—

438 3633 809 3702 centiorum
879 3633 1275 3706 idiomatum
1338 3639 1743 3730 profitentur
1758 3690 1780 3726 ,
1849 3639 2269 3707 sermonibus
2336 3639 2703 3731 usurpari,

439 3753 651 3829 saepe
677 3736 1072 3810 audivimus.

642 3994 787 4064 Iam
825 4021 989 4069 vero
1006 4052 1026 4088 ,
1080 4025 1235 4072 cum
1274 4025 1510 4074 omnes
1549 4004 1917 4092 fateantur,
1967 4002 2150 4076 hunc
2186 4005 2254 4073 in
2289 4004 2707 4076 recentior-'u

440 4095 711 4188 linguae
734 4101 1170 4190 scriptoribus
1198 4108 1584 4178 evolvendis
1610 4107 1976 4178 tenendum
2003 4131 2152 4177 esse
2178 4107 2506 4192 ordinem,
2560 4112 2708 4198 qui

439 4198 552 4278 fit,
617 4208 723 4283 ut,
791 4222 945 4269 cum
997 4205 1086 4270 ad
1129 4219 1389 4279 veteres
1429 4221 1706 4280 ventum
1757 4212 1877 4298 sit,
1930 4212 2149 4280 statim
2193 4209 2702 4298 coecutiamus,

444 4305 648 4380 atque
690 4297 928 4367 iisdem
971 4303 1238 4393 legibus
1277 4332 1514 4381 eorum
1549 4336 1824 4404 quoque
1861 4314 2220 4385 lectionem
2248 4338 2289 4383 a
2427 4314 2447 4331 ⁶
2549 4337 2710 4387 en-
