2725 4859
824 278 1009 331 mm
1046 279 1297 331 mmm
1324 279 1476 347 m.
1517 270 1601 333 ιι
1737 216 1742 219 ’
1839 234 1848 239 ’
2184 263 2329 339 177

76 422 281 523 φὶ
277 412 439 503 liba
459 423 764 489 veterum
790 414 1117 489 eiusmodi
1144 419 1438 507 somniis,
1457 440 1644 517 quae
1663 416 1772 486 vel
1794 425 1957 511 post
1981 441 2117 509 eos,
2158 444 2334 515 ques

74 500 407 591 laudavit
450 518 502 588 1.
540 520 628 591 A.
683 519 1031 590 Fabricius
1080 522 1148 590 in
1194 521 1715 615 Bibliographia
1765 512 2327 621 Antiqu.c.X112

73 648 159 717 Ρ.
188 622 379 692 160.
416 646 822 716 percensere
873 624 1185 716 putidum
1237 627 1433 694 foret.
1541 624 2136 711 Quemadmodum
2192 628 2328 721 igi-

74 738 197 796 tur
238 750 373 795 nec
398 724 556 795 Tib.
584 727 787 796 Atinii
828 729 1193 817 somnium,
1248 753 1387 820 quo
1431 739 1746 798 monente
1786 728 1928 795 ludi
1969 731 2192 822 magni
2222 732 2328 799 in·-

78 830 378 901 staurati
415 829 679 899 fuerant
721 853 763 898 a
803 830 1095 919 Senatu,
1147 833 1464 902 omiserat
1503 833 1572 901 in
1609 832 2063 925 superioribus
2100 835 2329 905 Livius

78 933 231 1033 (11,
273 931 400 1004 36.
429 933 519 1007 cf.
543 932 772 1003 Davis.
806 932 895 1002 ad
924 934 1066 1007 Cic.
1092 930 1243 1007 Div.
1269 935 1338 1026 I,
1384 933 1505 1004 36.
1544 960 1615 1031 p.
1643 933 1845 1028 70.)
1827 958 1894 1003 ιιι
1924 959 2142 1028 eoque
2171 932 2325 1006 dili-

74 1035 315 1130 gentis
344 1034 641 1106 historici
665 1030 889 1133 partes
918 1039 1093 1107 bene
1112 1037 1552 1137 impleverat:
1585 1038 1678 1108 sic
1707 1032 2022 1108 hocloco
2049 1050 2323 1109 noctur-

73 1162 254 1213 num
281 1138 452 1207 illud
477 1140 727 1228 visum,
748 1139 1281 1261 ‘historicorum,
1334 1143 1450 1237 qui
1491 1136 1644 1211 ante
1670 1140 1935 1211 Livium
1962 1167 2069 1213 res
2095 1154 2324 1236 gestas

75 1242 447 1313 Annibalis
486 1243 850 1313 memoriae
884 1244 1359 1336 prodiderant,
1412 1246 1654 1334 Sileni,
1704 1244 2040 1335 Antipatri
2073 1240 2323 1339 Coelii,

76 1346 514 1439 aliorumque
556 1346 943 1417 testimoniis
981 1346 1501 1451 comprobatum
1516 1399 1538 1441 ,
1586 1348 1796 1442 plane
1821 1348 2079 1419 silentio
2116 1373 2323 1449 prae-
2367 1434 2372 1447 Ι

75 1451 465 1521 tel-mittere
488 1472 627 1519 non
647 1450 896 1545 potuit.

297 1654 569 1727 Deinde
618 1678 758 1728 non
803 1650 1216 1751 praeteribat
1266 1658 1668 1753 scrip‘torem
1715 1658 2320 1753 prudentissimum,

74 1758 225 1828 hoc
253 1760 625 1846 somnium,
677 1763 731 1829 si
772 1762 881 1831 vel
923 1762 1012 1833 ab
1042 1763 1382 1832 Annibale
1423 1773 1677 1832 tantum
1722 1763 1811 1831 ad
1852 1764 2324 1833 constabilien-

79 1850 250 1933 dam
276 1862 818 1959 firmandamque
860 1887 1132 1935 suorum
1158 1866 1476 1935 fiduciam
1518 1866 1881 1935 confictum
1925 1875 2132 1945 esset.
2184 1862 2322 1934 non

72 1967 394 2059 potuisse
418 1989 746 2041 summam
773 1970 1236 2039 auctoritatem
1261 1969 1354 2036 illi
1384 1968 1570 2061 apud
1595 1992 1752 2037 suos
1779 1991 1916 2038 non
1943 1958 2317 2039 conciliare.

76 2069 432 2139 Ponamus
458 2071 634 2143 enim
660 2071 770 2158 id,
818 2069 1006 2170 quod
1029 2072 1252 2171 primo
1280 2072 1518 2140 obtutu
1546 2070 1743 2161 facile
1771 2073 2011 2161 cuique
2035 2062 2101 2139 in
2129 2066 2319 2173 inen-

72 2180 227 2240 tem
266 2173 492 2242 veniat
532 2181 834 2267 oportet,
875 2195 1015 2242 non
1042 2173 1292 2262 visum,
1341 2174 1464 2243 sed
1493 2154 1943 2266 excogitatum
1982 2166 2147 2243 illud
2174 2198 2318 2245 esse

75 2275 176 2345 ab
201 2276 573 2365 Annibale,
625 2299 853 2346 nonne
893 2287 1214 2368 apparet,
1271 2277 1538 2370 singula
1573 2288 1710 2349 tam
1755 2277 1997 2347 callide
2027 2300 2317 2372 compo-

72 2380 212 2448 sita
238 2402 388 2448 esse
416 2389 485 2449 et
510 2380 1123 2473 superstitionibus,
1175 2402 1351 2472 qnae
1392 2392 1536 2449 tum
1557 2382 1811 2449 animos
1838 2380 2229 2451 hominum
2209 2404 2316 2450 ιιι-

75 2480 465 2571 sederant,‘
491 2486 939 2577 attemperata
978 2506 1020 2551 a
1071 2482 1432 2553 vaferrimo
1470 2483 1911 2576 imperatore,
1966 2494 2038 2556 ut
2075 2485 2315 2555 effica-

76 2585 230 2655 cius
272 2586 482 2655 telum
531 2588 621 2656 ad
658 2610 765 2657 res
809 2587 1117 2680 gnaviter
1150 2588 1599 2678 perficiendas
1650 2610 1735 2656 ne
1770 2597 1996 2657 mente
2037 2588 2314 2678 quidem

75 2690 451 2781 concipere
484 2690 832 2783 potuisset.
941 2689 1149 2775 Quod
1175 2698 1248 2757 ut
1275 2713 1357 2757 eo
1385 2691 1617 2758 melius
1658 2691 2103 2782 intelligatur,
2156 2714 2313 2781 age,

74 2793 428 2883 sigillatim
480 2795 882 2886 praecipuas
935 2794 1076 2862 eius
1124 2801 1360 2883 partes
1408 2788 1889 2883 expendamus.
1993 2793 2316 2861 Iuvenem

76 2895 211 2964 sibi
236 2895 452 2964 visum
492 2898 780 2964 narravit
802 2895 1140 2965 Hannibal
1182 2890 1253 2961 iri
1277 2895 1505 2984 quiete
1524 2895 1552 2982 ,'
1600 2895 1853 2963 divina
1879 2893 2120 2988 specie
2145 2916 2314 2962 con-

74 2997 429 3091 spicuum,
481 2999 597 3089 qui
647 2999 823 3068 Iovis
861 3000 1044 3067 iussu
1092 2997 1268 3065 viam
1318 2997 1448 3065 sibi
1483 3005 1882 3066 monstmret
1930 2998 1999 3065 in
2033 2984 2311 3067 Italiam'.

70 3103 229 3170 lam
258 3101 575 3191 quid'sibi
602 3101 761 3172 velit
798 3102 912 3169 illa
938 3101 1163 3169 divina
1188 3102 1482 3193 species,
1536 3102 1791 3195 optime
1816 3101 2250 3194 cognoscitur
2274 3125 2316 3172 e

76 3204 360 3273 Valerio
403 3203 744 3292 Maximo,
797 3194 916 3296 qui
955 3204 1224 3272 Livium
1262 3227 1453 3275 more
1493 3228 1617 3273 suo
1656 3204 2037 3275 exscribens
2082 3206 2189 3296 (Ι,
2242 3204 2313 3277 7.

78 3316 252 3380 extr.
282 3305 321 3374 l
335 3308 387 3397 .)
421 3308 730 3377 iuvenem
756 3308 962 3376 fuisse
999 3308 1090 3376 ait
1114 3308 1380 3375 mortali
1411 3310 1637 3400 specie
1664 3310 2118 3379 excelsiorem.
2198 3309 2314 3377 Sic

72 3410 232 3481 fere
282 3433 555 3503 semper
604 3436 680 3482 se
730 3409 1243 3513 conspiciendos
1293 3412 1717 3503 praebebant
1768 3411 1859 3479 dii
1909 3410 2312 3481 hominibus.
2376 3428 2392 3437 ‘

78 3512 237 3601 Sic,
289 3522 364 3582 nt
391 3534 594 3582 unum
618 3524 878 3584 tantum
908 3538 946 3583 e
973 3504 1297 3583 sexcentis
1326 3512 1651 3601 afferam,
1707 3513 1942 3584 Curtio
1967 3516 2154 3584 Rufo
2199 3515 2312 3581 of-

72 3604 300 3686 fertur
321 3617 557 3687 Africa
582 3618 745 3707 dea,
796 3609 1023 3711 figura
1057 3617 1350 3687 humana
1391 3618 1755 3710 grandior,
1809 3617 1995 3709 apud
2020 3616 2313 3685 Plinium

73 3719 232 3795 vll.
257 3718 1313 3821 Ep.27.*).Ed·1xisseigitur
1350 3719 1532 3790 hunc
1575 3724 1921 3806 iuvenem,
1977 3739 2313 3810 sequere·
2389 3740 2402 3748 ’

74 3832 243 3912 m,
312 3844 545 3918 neque
595 3847 907 3919 usquam
957 3846 1010 3894 a
1067 3846 1148 3894 se
1203 3820 1628 3918 deflecteret
1681 3822 1968 3961 oculos,
2032 3821 2176 3910 vel,
2239 3830 2316 3892 ut

304 4158 1001 4233 Add0‚2ilubet,1.3.ps
1028 4156 1478 4283 adTacihAn‘n.
1499 4156 1609 4223 XI,
1642 4154 1726 4211 21.
1796 4154 2022 4225 HeAyn
2024 4154 2237 4211 ιιοιιΕκ
2175 4175 2308 4214 cum

223 4202 644 4303 irgiLTomJI.
822 4230 938 4287 154.
976 4220 1165 4285 editu
1326 4226 1440 4282 Gra
1441 4196 1887 4296 εοίεμενίζσεςῆ
1923 4221 2311 4293 κατ’ἄνρ-θω

73 4228 659 4442 ffiglffaervfflea
626 4248 1007 4357 acimffiharite
1019 4315 1141 4373 pag.
1168 4247 1314 4357 ⁰3i0.
1370 4297 1517 4369 Lips.
1565 4297 1879 4367 wesseling.
1933 4296 2001 4355 nd
2053 4294 2312 4353 Heordot.

1892 4436 1993 4506 12
