2725 4859
1002 292 1353 371 smmis:
2145 286 2294 377 101

70 446 481 527 domnonia
551 456 868 551 magister
927 440 1406 553 peritissimus,
1484 436 1968 546 Quinctilianus
1994 461 2072 553 ⁴).
2199 458 2298 533 Et

66 560 208 651 qais
232 570 381 648 est,
431 561 547 650 qui
573 561 869 650 dubitet,
922 563 1148 632 lumen
1170 562 1341 633 illud
1368 572 1732 633 conventus
1755 562 2197 633 honestissimi
2223 566 2292 636 in

66 663 326 732 Scholis
382 665 672 756 publicis
723 666 1265 757 anteponendum
1314 690 1462 737 esse
1509 666 1805 736 tenebris
1843 677 1913 736 et
1953 666 2290 736 solitudini

62 765 510 854 domesticae,
564 769 635 836 in
670 791 874 859 quam
899 770 1083 838 nulla
1108 771 1469 840 aemulatio
1496 770 2108 863 condiscipulorum
2135 771 2286 841 lau-

60 869 568 963 ffls-cupiditate
607 881 841 940 mutuo
864 895 1012 942 sese
1035 874 1573 943 instimulantium
1593 925 1613 963 ,
1664 874 1848 941 nulla
1871 882 2283 967 praecepto-

54 994 191 1041 rum
218 974 517 1042 invicem
556 998 702 1045 sese
747 975 1216 1067 excipientium
1257 986 1325 1045 et
1362 986 1555 1070 grata
1592 977 1910 1045 varietate
1938 976 2281 1047 delectan-

56 1076 209 1144 tium
248 1076 687 1161 vicissitudo,
739 1078 831 1146 nil
873 1078 1161 1168 denique
1187 1102 1424 1149 eorum
1451 1081 1661 1169 cadit,
1732 1103 1909 1169 quae
1936 1103 2125 1149 senes
2153 1079 2279 1148 ad-

54 1176 214 1267 huc,
284 1181 361 1247 in
402 1179 667 1249 scholis
690 1180 975 1272 publicis
1014 1183 1317 1270 instituti,
1387 1206 1471 1253 ex
1507 1184 1624 1252 illo
1655 1183 1983 1252 curriculo
2008 1183 2283 1252 schola-

54 1283 210 1349 stico
251 1283 582 1352 lubenter
622 1306 893 1352 narrare
919 1285 1138 1355 solent
1165 1297 1413 1356 etcum
1438 1287 1687 1355 laetitia
1705 1283 2061 1354 recordari.
2139 1282 2282 1356 Ve-

50 1394 408 1454 runtamen
446 1387 1132 1479 circumspicientibus
1169 1384 1363 1458 nobis
1409 1398 1480 1459 et
1515 1389 2012 1480 anquirentibus
2050 1389 2121 1457 in
2160 1411 2280 1457 ur-

52 1487 192 1575 bes,
246 1489 374 1558 ubi
406 1488 780 1581 Gymnasia
803 1491 1048 1559 florent
1072 1501 1141 1560 et
1167 1491 1443 1562 scholae
1463 1493 1809 1586 publicae,
1857 1492 2110 1582 ubique
2132 1491 2280 1562 fere

55 1601 420 1662 occurrunt
455 1601 767 1684 parentes
794 1603 895 1662 sat
920 1595 1150 1682 multi,
1222 1597 1372 1686 qni,
1425 1619 1597 1687 quos
1621 1596 1849 1664 ‘civitas
1876 1598 2141 1688 apernit
2165 1595 2277 1663 lu-

52 1692 167 1763 dos
192 1694 563 1784 literarioS,
632 1697 768 1766 alto
793 1699 1151 1789 supercilio
1177 1708 1645 1787 contemnunt,
1701 1707 1771 1768 et
1793 1699 2128 1791 privatum
2154 1698 2278 1766 ali-

54 1820 245 1887 quem
288 1821 436 1867 non
474 1800 766 1890 parvulis
809 1809 1099 1889 tautum,
1172 1802 1294 1879 sed
1345 1801 1816 1896 grandioribus
1868 1801 2066 1868 etiam
2115 1808 2277 1868 natu

50 1902 451 1990 praeficiunt
486 1915 1021 1995 praeceptorem.
1122 1902 1358 1974 Plures
1406 1903 1594 1973 haud
1646 1901 1852 1972 dubie
1901 1909 2276 1971 contemtus

48 2002 233 2073 huius
265 2003 682 2073 Scholarum
717 2007 1141 2097 publicarum
1183 2007 1412 2076 afferri
1453 2015 1738 2099 possunt
1763 2026 2066 2093 caussae,
2127 2005 2274 2074 vel-

50 2108 135 2173 uti
187 2116 473 2198 patrum
511 2108 580 2175 in
618 2118 1064 2202 praeceptore
1102 2110 1365 2203 privato
1404 2110 1651 2179 alendo
1691 2132 1863 2178 vana
1903 2109 2276 2196 ostentatio,

50 2211 562 2278 materculamm
611 2212 832 2280 filiolis
885 2213 1063 2280 male
1114 2213 1486 2283 timentium
1539 2212 1782 2282 stolida
1835 2212 2275 2305 indulgentia,

50 2314 583 2404 corruptelarum
599 2316 666 2382 in
683 2315 947 2384 Scholis
964 2316 1249 2408 publicis
1267 2317 1627 2407 illecebrae
1639 2369 1659 2405 ,
1697 2315 1961 2405 aliaque
1977 2315 2273 2384 eiusdem

53 2418 334 2505 generis,
369 2439 543 2506 quae
571 2418 903 2510 sigillatim
927 2441 1329 2511 percensere
1346 2420 1630 2513 longum
1654 2420 1833 2488 foret
1858 2430 1926 2487 et
1940 2417 2273 2510 putidum.

53 2517 185 2587 Sed
207 2530 427 2588 restat
452 2521 579 2587 alia
604 2544 871 2607 caussa,
927 2545 1143 2611 eaque
1170 2524 1564 2614 gravissima
1580 2573 1600 2611 ,
1658 2544 1794 2613 qua
1816 2531 2041 2613 patres
2069 2522 2300 2589 etiam·

52 2622 600 2711 prudentissimos
636 2624 988 2717 impediri,
1041 2647 1179 2714 quo
1211 2627 1428 2693 minus
1466 2626 1641 2693 filios
1685 2646 1840 2692 suos
1896 2624 2164 2692 Scholis
2205 2632 2274 2693 et

52 2726 605 2817 praeceptoribus
622 2728 1343 2818 publicistommittant
1360 2778 1381 2813 ,
1421 2749 1546 2794 usu
1574 2736 1642 2794 et
1670 2727 2078 2816 experientia
2098 2725 2272 2793 edo-

55 2829 137 2895 cti
159 2830 619 2921 cognovimus.
723 2832 1053 2899 Nimirum
1091 2840 1531 2922 perspectum
1572 2828 1828 2896 habent
1863 2836 1931 2896 et
1957 2828 2273 2919 explora-

52 2938 191 2998 tum
210 2931 379 3000 boni
402 2942 630 3023 patres
649 2983 670 3020 ,
721 2933 895 3002 filios
933 2956 1089 3002 snos
1114 2953 1359 3025 parum
1385 2931 1854 3025 profectuum,
1898 2930 2015 3019 qui
2044 2929 2271 2998 futuro

54 3032 221 3103 vitae
255 3036 495 3128 generi
531 3034 828 3128 prosint,
882 3046 1197 3128 capturos
1251 3058 1396 3105 esse
1434 3034 1503 3103 in
1543 3057 1625 3105 ea
1665 3031 1954 3121 Schola,
2020 3034 2090 3101 in
2135 3030 2276 3123 qua

52 3132 528 3230 praeceptores
563 3139 674 3210 vel
710 3139 1156 3229 antiquiorum
1192 3140 1425 3231 legum
1462 3138 1738 3207 vinculis
1776 3136 2104 3223 adstricti,
2159 3137 2271 3205 vel

55 3240 225 3311 moni
263 3240 528 3309 desidia
564 3242 744 3334 capti
782 3244 1054 3333 antiqua
1093 3242 1432 3311 mordicus
1469 3238 1818 3310 retinenda
1846 3264 1991 3309 esse
2017 3240 2269 3307 clami-

56 3349 216 3430 ω,
271 3354 512 3412 contra
546 3367 743 3432 vero,
813 3345 978 3436 quid
1017 3354 1240 3414 nostra
1265 3354 1447 3413 aetas
1475 3352 1541 3412 et
1567 3344 1772 3413 seculi
1798 3343 2004 3411 nostri
2029 3343 2269 3435 genius

57 3447 424 3534 postulent,
474 3470 715 3538 parum
742 3450 939 3539 pensi
963 3447 1237 3516 habent.
1326 3448 1529 3532 Quae
1556 3468 1710 3515 cum
1734 3447 1828 3515 ita
1853 3446 2016 3535 sint,
2069 3447 2269 3514 etiam

60 3547 282 3617 exinde
356 3551 510 3618 satis
576 3551 824 3641 liquet,
911 3549 1521 3620 accommodandas
1585 3572 1733 3620 esse
1791 3549 2000 3620 seculi
2062 3546 2270 3640 genio

60 3649 336 3721 Scholas
373 3653 717 3743 publicas,
768 3663 843 3723 ut
878 3663 1225 3746 parentes,
1280 3653 1467 3744 quod
1495 3661 1881 3738 causentur,
1934 3651 2271 3740 tergiver-

59 3765 407 3844 senturque
434 3758 500 3823 in
526 3757 750 3827 liberis
778 3756 1182 3826 Scholarum
1206 3756 1624 3847 frequentiae
1640 3751 2058 3845 denegandis
2073 3800 2094 3837 ,
2114 3773 2272 3841 ,non

59 3860 396 3949 reperiant.

243 3962 469 4029 Porro
519 3969 746 4033 autem
798 3961 938 4032 hoc
974 3984 1249 4054 quoque
1286 3971 1473 4038 extra
1512 3980 1783 4030 omnem
1822 3957 2116 4050 positum
2169 3962 2272 4026 est
2288 3962 2334 4024 6

65 4064 589 4152 controversiam,
626 4066 971 4136 iuvenibus
992 4117 1013 4153 ,
1056 4089 1344 4157 quorum
1371 4064 1643 4156 ingenia
1669 4062 1736 4130 in
1755 4060 2019 4143 Scholis
2039 4061 2269 4153 publi-

67 4162 151 4232 cis
188 4168 692 4267 perpoliuntur,
744 4191 1068 4263 magnum
1092 4169 1184 4238 ad
1210 4167 1667 4238 assiduitatem
1694 4174 1763 4237 et
1784 4165 2176 4238 industriam
2199 4166 2272 4234 in

188 4404 241 4471 ¹¹¹)
278 4403 406 4461 lust.
443 4401 597 4458 Orat.
632 4402 676 4460 1.
711 4401 763 4456 2.
