2725 4859
745 336 818 383 nc
858 333 1116 382 effla
1157 334 1569 385 armona.
2122 317 2276 391 41⁹

1123 466 1197 540 6,
1315 486 1324 501 “
1654 522 1665 529 .

255 589 650 662 Adiectum
688 591 1025 683 genialem
1053 611 1312 684 pompa
1339 590 1604 660 ducitur
1617 641 1640 675 ‚
1690 591 1781 663 de
1804 616 1944 685 quo
1969 582 2277 688 disputa-

48 705 194 765 tum
232 703 337 764 est
375 692 464 761 ad
499 693 801 786 nuptias
828 691 1453 765 Aldobrandinas
1489 717 1558 785 Ρ.
1589 693 1758 763 124.
1862 697 2007 767 Sed
2033 721 2117 767 ex
2139 698 2275 772 hac

48 800 200 891 ipsa
216 819 491 891 gemma
514 797 927 893 intelligitur,
951 818 1158 887 quam
1176 796 1268 865 ob
1297 819 1565 866 causam
1584 798 1864 890 genialis
1891 802 2273 895 appellatus

48 901 254 970 fucit
274 900 388 968 ille
411 900 643 968 lectus.
732 901 799 968 A
826 898 1049 968 Genio
1063 900 1380 969 sternitur
1403 908 1473 970 et
1496 910 1882 993 apparatur.
1986 904 2067 972 In
2090 903 2273 975 lecto

48 1003 391 1073 triclinia-i
414 1003 855 1072 accubantem
883 1001 1198 1094 Psychen
1223 1025 1380 1071 eum
1402 1005 1662 1073 Amore
1686 1003 1988 1075 videmus
2011 1008 2081 1074 in
2106 1002 2273 1078 ana-2

48 1104 322 1201 glypho
363 1124 780 1189 marmoreo,
827 1126 1056 1198 prope
1093 1106 1394 1176 Romam
1431 1105 1687 1176 effosso
1740 1117 1810 1177 et
1845 1109 1914 1177 in
1950 1107 2271 1181 Museum

48 1210 616 1300 Townleyianum
652 1208 1037 1280 Londinum
1064 1208 1383 1298 devecto,
1436 1209 1529 1279 de
1553 1231 1692 1299 qno
1717 1209 2080 1303 disputavit
2104 1216 2273 1284 ami-·

48 1312 348 1381 cissimus
362 1312 665 1383 Mimans
692 1311 781 1381 ad
799 1310 1208 1407 Dollaway
1231 1313 1322 1404 11,
1347 1311 1447 1381 81
1477 1336 1579 1403 sq.
1610 1313 1697 1381 cf.
1725 1313 1963 1407 Sponii
1986 1315 2274 1386 Miscel-

47 1418 179 1485 lan.
194 1415 464 1485 Erudit.
474 1416 741 1509 Aniqu.
766 1415 821 1485 1.
847 1424 978 1485 ant.
993 1414 1063 1485 8.
1093 1426 1165 1486 et
1183 1415 1627 1486 Recherches
1646 1418 1981 1489 curienses
2005 1443 2079 1512 p.
2099 1418 2272 1492 422.

961 1656 970 1663 ‘
1123 1601 1176 1672 ⁰

255 1719 627 1808 Avioulam,
664 1740 871 1809 quam
895 1743 1101 1790 manu
1125 1718 1468 1792 demulcet
1491 1721 1727 1810 Amor,
1768 1730 2097 1793 turturem
2123 1740 2275 1795 esse

52 1823 413 1895 arbitratur
429 1823 758 1923 'Braccius
784 1848 857 1917 p.
890 1820 1067 1894 255.
1092 1825 1270 1894 bene
1296 1824 1688 1908 observans,
1738 1826 1808 1893 in
1832 1848 2037 1895 mann
2061 1850 2274 1919 spon-

51 1948 205 2016 sae,
248 1948 451 2018 quam
477 1927 811 1996 cernimus
847 1928 916 1996 in
957 1927 1349 2020 anaglypho
1374 1927 1821 1997 Ficoroniano
1856 1927 2195 2024 Vestigia
2214 1950 2275 2001 ·e

51 2029 310 2102 mrito
346 2030 427 2100 da·
459 2026 709 2099 Roma
737 2030 996 2101 antica
1025 2054 1098 2123 p.
1141 2028 1313 2098 116.
1347 2029 1448 2121 (et
1472 2029 1660 2121 apud
1700 2031 2274 2125 Lumisdenium,

52 2133 496 2229 antiquarium
521 2134 804 2203 Scotum
825 2132 1200 2204 Remurks
1234 2133 1465 2204 onthe
1488 2134 1910 2227 antiqnities
1926 2134 2022 2229 of
2036 2136 2278 2207 Rome

51 2261 123 2331 p.
147 2233 353 2331 430.)
381 2236 667 2308 eandem
681 2259 881 2308 avem
906 2238 1399 2333 sponsaliorum
1416 2237 1528 2308 vel
1552 2237 1937 2332 nuptiarum
1952 2240 2276 2310 asseclam

55 2340 375 2435 conspici.

1128 2527 1201 2597 7.

258 2644 636 2735 Vinculum,
664 2664 805 2737 quo
830 2646 1115 2715 connexi
1140 2644 1487 2714 ambulant
1503 2646 1720 2714 Amor
1745 2652 1815 2713 et
1837 2644 2139 2736 Psyche,·
2160 2669 2278 2716 ca·-

55 2757 280 2817 tenam
321 2771 466 2818 esse
502 2748 849 2818 contendit
888 2747 1181 2840 Sponius
1198 2797 1219 2834 ‚
1271 2749 1512 2815 merito
1543 2749 1639 2817 ob
1658 2745 1731 2814 id
1755 2747 2205 2840 reprehensus
2232 2774 2277 2818 a

57 2850 370 2920 Stoschio
394 2853 463 2920 in
485 2852 958 2944 Explicatione
982 2870 1298 2944 gemmae
1322 2873 1392 2941 Ρ.
1417 2847 1541 2917 94.
1646 2848 1839 2917 ldem
1871 2858 2093 2918 tamen
2119 2872 2276 2922 cum

57 2953 301 3024 lineam
327 2956 840 3047 margaritarum
879 2974 1062 3040 esse,
1114 2975 1254 3042 qua
1275 2952 1479 3021 vincti
1504 2950 1853 3020 trahantur
1891 2952 1979 3021 ab
2003 2953 2277 3044 Hyme-

58 3074 265 3144 naeo,
308 3058 672 3145 existimet,
723 3044 1000 3125 uniones
1028 3056 1255 3125 nescio
1297 3074 1467 3146 quos
1491 3055 1778 3153 ingentis
1803 3056 2278 3148 magnitudinis

57 3160 418 3230 somniasse
439 3152 721 3233 videtur.
825 3159 999 3229 Sunt
1038 3159 1311 3246 infulae,
1351 3160 1394 3228 i.
1423 3178 1482 3228 e.
1505 3160 1710 3228 vittae
1736 3159 1973 3229 laneae
1998 3160 2278 3230 vinculis

57 3262 383 3335 nexilibus
403 3264 498 3332 ita
525 3263 921 3332 constrictae
946 3273 1016 3331 et
1040 3261 1411 3347 distinctae,
1434 3262 1713 3361 utlanae
1734 3261 1807 3328 in
1830 3261 2083 3329 nodum
2111 3284 2280 3331 con-

61 3364 378 3457 globatae
402 3376 755 3459 segmenta
779 3366 1112 3447 oriantur,
1152 3366 1263 3434 vel
1290 3367 1482 3454 quasi
1507 3364 1766 3433 articuli
1791 3373 1859 3432 et
1880 3365 2280 3454 internodia,

59 3468 248 3556 qnod
275 3471 649 3538 ornamenti
692 3486 896 3537 cansa
939 3467 1246 3535 factitare
1289 3467 1517 3565 solitos
1556 3489 1701 3536 esse
1743 3475 2005 3537 veteres
2060 3468 2130 3536 in
2170 3469 2283 3537 in-

59 3569 212 3640 fulis
228 3622 250 3660 ‚
303 3570 672 3663 στέμμασι,
724 3571 983 3641 erudite
1011 3571 1490 3641 demonstravit
1531 3569 1937 3640 Vise-omine
1984 3568 2073 3637 ad
2108 3568 2281 3639 Mu-

61 3695 249 3744 seum
274 3675 451 3743 Pio-
470 3675 965 3746 Clementinum
1000 3674 1088 3743 Τ.
1113 3674 1229 3743 lv.
1255 3697 1325 3767 Ρ.
1353 3673 1423 3742 2.
1450 3683 1589 3747 not.
1616 3697 1677 3743 a.
1706 3683 1773 3744 et
1807 3696 1878 3766 Ρ.
1902 3669 2025 3773 98.

1131 3857 1204 3927 8.

264 3981 745 4073 Hymenaeum
763 4002 929 4069 esse,
951 3979 1067 4070 qui
1082 3978 1525 4073 desponsatos
1544 3979 1753 4072 (quos
1767 3975 2070 4069 irrupta
2091 3982 2287 4048 tenet

66 4085 357 4180 copula)
384 4083 602 4170 ducit,
651 4106 734 4154 ex
757 4083 912 4152 face
938 4093 1007 4153 et
1028 4083 1254 4151 forma
1277 4082 1644 4153 maiuscula
1669 4080 2115 4175 cognoscitur.
2168 4080 2309 4155 Sic.

67 4185 136 4253 in
159 4188 468 4280 pluribus
494 4185 902 4280 anaglyphis
919 4238 941 4276 ,
972 4186 1088 4254 nbi
1100 4185 1320 4254 Amor
1346 4192 1639 4278 apparet
1665 4206 1985 4278 sponsam
2012 4193 2288 4276 protru-

71 4287 237 4359 dens
271 4290 875 4385 pudibundamqne
903 4288 1336 4382 compellens,
1359 4289 1797 4381 Hymenaeus
1823 4308 2096 4380 quoque
2121 4310 2287 4365 con·
2368 4368 2383 4374 ‚

71 4391 346 4482 spicitur
362 4397 536 4464 inter
553 4413 875 4487 sponsum
895 4402 964 4462 et
979 4414 1296 4486 sponsam
1309 4392 1533 4463 facem
1557 4391 1924 4489 nuptialem
1952 4411 2288 4482 quassans,

1824 4493 1927 4563 27
1943 4496 1987 4545 '⁸‘
