2725 4859
406 286 555 377 184
700 326 795 373 ne
838 325 1201 374 nnsonon
1242 322 1580 375 nis-rous
1621 324 1713 372 sn
1755 322 2086 374 csnmms
2125 324 2318 373 muer

404 463 641 535 tricata
667 470 787 538 est.
890 462 1036 533 Tot
1072 464 1295 537 inillis
1338 473 1717 559 congruunt
1737 460 2150 550 commoda,
2199 484 2411 554 quae,
2468 462 2528 532 si
2552 462 2650 533 'ab

407 570 536 637 isto
576 590 747 637 aevo
790 567 1204 655 discesseris,
1256 569 1566 637 omnibus
1616 558 1871 663 poetis,
1922 566 2234 636 omnibus
2283 566 2651 650 historicis,

411 670 657 741 deesse
695 694 969 740 necesse
1010 681 1131 742 est.
1234 672 1464 763 Atque
1503 670 1663 740 hinc
1701 670 1974 740 fuerunt
2010 671 2209 740 etiam
2254 670 2435 738 omni
2459 679 2654 739 tem-

409 798 617 873 pore,
668 777 784 865 qui
807 775 1147 844 Herodoti
1185 774 1531 847 historiam
1571 774 1661 843 ad
1689 775 1997 843 carminis
2038 774 2218 866 epici
2237 774 2375 842 vim
2415 782 2492 841 et
2511 796 2656 842 m-

376 886 628 949 ‘turam
655 877 941 972 propius
966 878 1295 947 accedere
1334 879 1799 950 existimarent,
1904 875 1984 945 ld
2012 877 2198 967 quod
2221 900 2358 946 non
2395 877 2492 945 ita
2517 900 2656 945 tc-

320 1006 327 1015 ·
412 981 798 1074 cipiendum
825 1005 971 1053 esse
994 982 1393 1074 putaverim,
1431 992 1513 1075 ⁴ut
1537 980 1708 1050 fides
1732 981 2049 1050 historica
2073 981 2446 1072 abrogetur
2469 981 2658 1049 scri-

410 1086 595 1178 ptori
624 1084 1152 1177 diligentissimo,
1180 1094 1420 1177 utpote
1447 1085 1562 1174 qui
1588 1085 1871 1176 poeticis
1893 1085 2298 1153 ornamentis
2321 1093 2393 1152 et
2412 1084 2656 1153 fican-

412 1188 605 1256 nibus
625 1186 779 1281 plus
805 1187 1164 1272 studuerit,
1210 1211 1414 1279 quam
1442 1188 1723 1258 veritati.
1796 1188 1941 1256 Iam
1965 1187 2226 1283 dudum
2253 1188 2430 1256 enim
2455 1187 2656 1256 viro-

411 1314 563 1360 rum
603 1291 957 1360 doctorum
1001 1291 1561 1385 disputationibus
1601 1313 1687 1359 eo
1724 1313 1833 1360 res
1865 1291 2200 1384 perducta
2238 1300 2340 1360 est
2356 1342 2377 1379 ,
2429 1298 2510 1359 ut
2545 1291 2654 1360 ob

410 1393 704 1463 inanium
732 1395 1111 1467 fabularum
1137 1418 1439 1464 amorem
1467 1400 1536 1464 et
1559 1394 1903 1463 fictionum
1931 1393 2244 1480 ludibria,
2275 1410 2454 1483 quae
2476 1416 2656 1486 pas-

384 1498 536 1581 ,sim
579 1497 674 1565 illi
718 1498 1125 1590 exprobrata
1163 1508 1315 1567 sunt
1356 1500 1444 1568 ab
1475 1497 1827 1591 imperitis,
1879 1497 2056 1566 male
2099 1496 2333 1566 audire
2369 1496 2656 1567 desiuit

354 1594 367 1615 ‘
410 1599 802 1670 Herodotus
841 1600 1228 1688 historiae,
1260 1601 1463 1692 ‘quod
1507 1600 1939 1696 magnificum
1980 1609 2082 1669 est
2109 1598 2454 1669 Ciceronis
2493 1600 2656 1670 elu-

410 1704 623 1796 gium,
660 1727 796 1773 non
820 1704 1195 1773 fabularum
1211 1714 1462 1799 pater.
1527 1705 1776 1796 Longe
1810 1703 2008 1773 aliam
2030 1704 2124 1772 ob
2153 1725 2423 1772 causam
2454 1724 2657 1772 com-

409 1806 787 1900 parandum
825 1830 968 1877 esse
1005 1820 1309 1879 nostrum
1347 1830 1502 1877 cum
1539 1810 1793 1900 poetis,
1845 1807 2054 1901 epicis
2091 1807 2160 1874 in
2185 1805 2454 1900 primis,
2504 1816 2652 1876 su·

411 1920 679 1979 tuerent
700 1910 929 1980 idonei
952 1922 1158 2003 atque
1198 1914 1543 2006 eleg-antes
1566 1911 1809 1980 harum
1844 1932 2071 1979 rerum
2110 1910 2359 1979 aubin-i.
2461 1910 2656 1983 Nam

412 2013 552 2082 sive
590 2014 949 2083 verborum
989 2026 1382 2085 ornamenta
1432 2025 1503 2084 et
1541 2014 2015 2084 sententiarum
2064 2013 2345 2096 lumina,
2394 2014 2654 2103 quibus

410 2117 661 2209 pasa‘m
714 2118 1213 2207 exsplendescit
1260 2130 1527 2200 noster,
1579 2119 1697 2187 ubi
1747 2118 1941 2186 altius
1991 2117 2319 2209 assurgit,
2371 2138 2652 2189 rerum-

413 2241 548 2308 que
621 2220 1149 2312 magnitudinem
1230 2223 1596 2291 verborum
1672 2230 1743 2289 et
1806 2221 2280 2289 sententiarum
2330 2219 2653 2311 pondere

413 2345 704 2412 aequare
756 2334 1069 2409 conatur;
1129 2325 1267 2404 sive
1318 2326 1556 2394 miram
1597 2332 1971 2393 structurae
2023 2332 2093 2393 et
2141 2324 2653 2414 compositionis

411 2426 890 2495 iucunditatem
906 2479 926 2515 ‚
970 2437 1041 2496 et
1066 2450 1382 2497 canoram
1409 2448 1842 2498 numerorum
1865 2427 2280 2515 latentium,
2320 2434 2395 2494 ut
2417 2426 2655 2512 Quin-

412 2530 672 2599 tilianus
732 2530 895 2619 (lx,
942 2529 1011 2600 4.
1052 2529 1203 2621 19.)
1248 2533 1589 2624 appeilat‚
1640 2530 2072 2599 dulcedinem
2109 2539 2531 2622 spectemus,
2583 2531 2654 2599 in

412 2641 701 2722 utroque
739 2628 1059 2725 magnam
1097 2634 1191 2702 illi
1232 2658 1388 2702 cum
1427 2645 1633 2726 poeta
1669 2633 2088 2703 intercedere
2127 2632 2654 2717 similitudinem,

351 2735 397 2800 4
416 2736 675 2825 liquido
717 2746 1006 2829 apparet
1027 2737 1125 2828 *).
1226 2736 1373 2807 Sed
1411 2738 1483 2807 in
1526 2738 1835 2807 universa
1875 2737 2076 2809 etiam
2114 2736 2343 2829 operis
2385 2736 2654 2806 descri-

552 2953 607 3021 *)
648 2952 805 3016 Quod
840 2953 909 3008 ad
941 2954 1107 3008 verba
1139 2952 1345 3024 singula
1380 2952 1596 3021 attinet,
1647 2951 1970 3008 Herodotum
2015 2952 2217 3008 ionicae
2263 2951 2478 3008 dialecti
2512 2953 2650 3008 scri-

413 3026 615 3092 ptorem
650 3023 949 3092 saepissime
983 3023 1165 3077 iisdem
1204 3022 1477 3078 vocabulis
1493 3063 1511 3087 ,
1563 3022 1853 3077 rarioribus
1888 3024 2072 3090 etiam,
2126 3040 2271 3077 usum
2305 3041 2456 3090 esse,
2509 3040 2650 3093 quae

415 3098 695 3144 occurrunt
727 3092 866 3161 apud
900 3092 1212 3158 Homerum,
1250 3093 1351 3161 τῆς
1386 3093 1631 3153 παλαιᾶς
1662 3088 1844 3154 Ἰάδος
1877 3092 2182 3162 scriptorem
2216 3091 2648 3162 antiquissimum,

416 3158 595 3226 (vide,
640 3176 775 3228 quae
809 3178 875 3213 ex
910 3160 994 3214 He
1032 3163 1104 3215 nii
1139 3162 1351 3216 dictatis
1389 3161 1585 3215 monuit
1618 3162 1870 3244 Koeppen
1903 3164 2031 3214 tiber
2063 3162 2286 3214 Homers
2325 3162 2502 3213 beben
2538 3162 2652 3214 und

419 3228 667 3299 Gesange
700 3247 750 3298 p.
770 3228 916 3297 233.)
958 3179 1029 3283 αὖ
1065 3237 1148 3284 est
1217 3233 1450 3295 rosecto,
1499 3229 1639 3300 quod
1674 3248 1946 3295 miremur,
1981 3238 2037 3284 et
2074 3231 2298 3297 monuit,
2334 3230 2387 3282 in
2426 3230 2650 3283 rar-iod-

416 3297 513 3350 bus
560 3297 869 3368 praecipue,
928 3299 1119 3369 ubique
1236 3308 1352 3352 rtus
1397 3299 1450 3352 in
1489 3297 1705 3355 Lexico.
1792 3299 1852 3352 In
1893 3299 1972 3353 his
2017 3299 2180 3369 igitur
2223 3316 2327 3351 non
2361 3296 2646 3352 Homerum

415 3365 664 3432 imitatus,
699 3368 792 3420 sed
824 3367 1032 3422 dialecti
1063 3386 1189 3422 suae
1216 3385 1444 3422 normam
1478 3376 1727 3438 sequutus
1766 3385 1882 3422 esse
1914 3369 2105 3422 dicitur
2132 3368 2450 3423 Herodotus.
2525 3367 2646 3420 Mn-

416 3435 610 3488 uifesta
644 3444 813 3489 tamen
850 3445 1037 3507 poetae
1072 3438 1290 3491 imitatio
1327 3445 1548 3509 apparet
1597 3438 1650 3490 in
1735 3438 2045 3492 eculiaribus
2080 3437 2131 3491 lo
2171 3436 2325 3490 uendi
2373 3436 2646 3503 formulis3

418 3503 703 3558 cuiusmodi
732 3506 1242 3576 plures-observavit
1281 3507 1529 3561 Valcken.
1564 3506 1633 3559 ad
1724 3505 1866 3560 erod.
1896 3525 1945 3577 p.
1965 3505 2086 3573 237,
2125 3508 2152 3558 1
2193 3551 2205 3562 .
2241 3505 2364 3571 325,
2398 3504 2491 3560 27.
2527 3498 2646 3571 701,

416 3572 503 3628 69.
574 3574 858 3629 Sententiis
898 3575 965 3628 ad
1000 3584 1269 3646 poetarum
1312 3576 1566 3631 rationem
1615 3576 1940 3645 compositis,
1990 3583 2044 3628 et
2078 3593 2145 3628 ex
2185 3573 2469 3628 Homerico
2504 3576 2650 3628 fonte

417 3643 669 3698 derivatis
704 3644 882 3728 plenus
930 3653 1013 3698 est
1046 3645 1380 3711 Herodotus,
1506 3644 1574 3697 od
1608 3644 1893 3699 illustribus
1940 3644 2142 3714 aliquot
2188 3644 2435 3712 exemplis
2472 3644 2648 3696 docuit

415 3713 606 3768 doctus
640 3714 949 3781 Britannus,
1004 3714 1045 3770 1.
1087 3715 1290 3767 Geddes
1323 3714 1380 3766 in
1471 3714 1666 3766 iatribe
1700 3714 1764 3766 de
1796 3730 1994 3798 genere
2023 3714 2314 3778 scribendi,
2364 3731 2469 3781 quo
2504 3720 2645 3765 oete-

416 3799 502 3835 res
537 3792 797 3837 auctores·
819 3782 1039 3848 Graeci,
1087 3790 1139 3836 et
1178 3785 1236 3836 in
1264 3784 1455 3851 primis
1495 3782 1687 3847 Pluto,
1732 3801 1817 3835 usi
1851 3790 1991 3836 sunt.
2071 3780 2379 3838 ,228-40.
2419 3782 2645 3835 version.

420 3850 739 3907 Theotiscae
783 3852 837 3906 in
888 3851 1217 3906 collectione:
1267 3854 1587 3922 Sammlung
1629 3852 1967 3904 vermischter
2070 3853 2275 3920 hristen
2317 3850 2419 3905 sur
2453 3854 2645 3919 Befor-

418 3921 630 3991 ἄστεως
664 3922 759 3974 der
790 3923 897 3977 sch.
946 3922 1104 3974 Wiss.
1140 3920 1327 3977 T.11L
1398 3921 1570 3991 Ipsam
1608 3920 1763 3973 etiam
1804 3920 2054 3973 orationis
2089 3927 2435 3987 structuram,
2469 3937 2646 3973 nume-

419 4006 509 4043 ros
546 3989 727 4041 leniter
760 3990 980 4044 fluentes
1017 3997 1072 4042 et
1107 3984 1417 4055 ἁρμονίαν,
1453 4007 1605 4057 quum
1633 3990 1788 4042 valde
1824 3990 2107 4043 admiratur
2136 3989 2354 4058 Dionys.
2387 4006 2450 4042 σε.
2487 3989 2645 4044 συιδ.

421 4073 466 4113 Ι.
485 4056 536 4109 3.
567 4075 623 4139 p.
644 4057 726 4110 22.
771 4058 963 4127 Upton.
1001 4058 1232 4130 proxime
1270 4057 1387 4112 olim
1422 4058 1712 4111 accessisse
1748 4059 1814 4111 ad
1850 4057 2230 4112 mellitissimum
2261 4058 2504 4112 caminis
2539 4075 2645 4111 mo-

422 4123 731 4176 dulauonem
766 4126 1083 4191 (nostrarum
1125 4128 1256 4181 enim
1305 4127 1504 4179 aurium
1537 4125 1665 4180 illud
1709 4127 1951 4181 iudicium
1997 4128 2174 4180 facere
2216 4145 2317 4181 non
2350 4125 2646 4197 possumus)

423 4188 509 4268 νρῑ
539 4207 606 4241 ex
639 4209 703 4241 eo
737 4191 1072 4259 intelligitur,
1109 4197 1248 4264 quod
1284 4195 1548 4248 Lucienus
1584 4195 1778 4249 diserte
1812 4196 1920 4261 ait,
1959 4196 2098 4249 illum
2134 4197 2446 4249 decantasse
2481 4198 2640 4250 histo·

423 4271 551 4305 nam
590 4272 735 4334 suam
773 4256 828 4308 in
879 4268 1135 4313 conventu
1173 4264 1327 4332 Olym
1364 4264 1477 4328 ico,
1521 4260 1835 4333 ἀγωνιστὴν
1861 4260 2183 4332 Ὀλυμπίων
2217 4270 2484 4332 παρεῖχεν
2523 4263 2644 4319 ἑαν-

423 4316 556 4399 τὸν,
591 4320 750 4387 ᾳδων
778 4319 882 4383 τὰς
911 4324 1178 4405 inopiae,
1207 4331 1259 4382 in
1343 4334 1542 4387 erodot.
1580 4352 1625 4387 c.
1649 4333 1695 4386 1.
1726 4332 1795 4389 T.
1813 4334 1857 4388 Ι.
1893 4352 1942 4404 p.
1961 4334 2080 4389 833.
2152 4333 2270 4387 Nec
2297 4334 2352 4403 pi
2461 4334 2505 4388 it
2527 4350 2642 4387 cou-

424 4387 636 4450 tuhsse,
673 4404 809 4453 quae
826 4391 891 4443 ad
918 4390 1058 4445 ulum
1085 4393 1253 4449 locum
1272 4401 1468 4453 monuit
1494 4400 1572 4453 W
1567 4403 1809 4458 islandus
1837 4420 1975 4458 vers.
2005 4421 2214 4458 vernae.
2242 4404 2315 4458 Τ.
2465 4421 2518 4474 p.
2536 4400 2645 4457 ssa
