2725 4859
694 330 1008 381 caunum
1041 293 1322 378 mma.
1365 325 1429 378 e.
1460 328 1666 379 xxm.

493 470 751 532 Iocorum
792 471 956 548 pater
995 472 1060 527 et
1099 465 1445 539 faoetiarum,

490 572 614 632 Sed
653 570 874 631 clamos
910 569 1115 637 retinet
1154 568 1339 642 domi,
1402 564 1645 648 pueflu-

491 674 575 736 Ut
605 672 834 733 densas*
859 671 1068 731 retinet
1107 687 1301 730 severa
1338 670 1587 747 maten->3

491 776 670 836 Scai'n
708 774 802 834 hio
823 772 1063 834 -hahssat
1107 771 1332 834 duabus
1364 771 1515 832 insta

491 878 646 957 (Sed
691 894 824 936 mox
864 876 1096 936 aedibus
1136 864 1289 935 hisee
1327 870 1607 943 derelictis

491 978 770 1040 Praedam
802 977 1081 1038 c‘unieibus
1105 976 1435 1051 son-auibus,
1470 991 1578 1035 uos

401 1142 422 1157 „
493 1081 630 1143 Heu
668 1081 924 1167 linquens
960 1080 1214 1141 miseros.
1233 1079 1428 1155 fugam
1468 1073 1773 1155 eapmet).

492 1181 633 1245 Nou
665 1174 840 1260 longa
871 1187 960 1242 est
993 1183 1114 1256 via,
1158 1180 1395 1253 currite,
1437 1176 1610 1250 heus,
1664 1173 1879 1236 volate!

493 1285 715 1346 Forsan
757 1283 961 1343 dormit
1001 1283 1219 1356 adhuc,
1279 1278 1474 1338 labore
1512 1278 1714 1352 fessus,

491 1386 645 1449 Dum
685 1391 860 1447 noctu
893 1385 971 1444 ad
1001 1383 1224 1462 vigilem
1265 1380 1459 1439 studet
1497 1378 1799 1451 lucernam,

496 1489 673 1559 Quod
713 1487 893 1568 prosit
932 1483 1147 1564 patriae
1185 1487 1385 1543 notare
1424 1479 1629 1539 chartis

494 1590 691 1652 noctis
707 1633 727 1664 ,
791 1586 1076 1668 Iuppiter,
1146 1585 1206 1643 et
1253 1581 1573 1643 laboriosis!

493 1692 652 1771 Ergo
665 1735 686 1767 ‚
748 1708 823 1751 ne
861 1688 1096 1768 strepitu
1141 1690 1242 1745 aut
1285 1702 1527 1765 procace
1565 1684 1709 1758 risus

399 1856 404 1860 ,
496 1792 653 1854 Nam
691 1793 874 1870 ridere
915 1789 1105 1849 soletis
1145 1787 1522 1866 impudenter,

495 1895 799 1956 Peccantes
839 1909 1080 1973 propere
1118 1889 1295 1949 ruatis
1337 1880 1509 1961 intro,

495 1996 833 2059 Turbetisve
875 1995 1084 2067 virum,
1148 1996 1376 2063 cavete,
1442 2004 1673 2065 quaeso.

495 2099 795 2181 Suspensis
825 2095 1097 2177 pedibus,
1158 2093 1389 2151 favente
1428 2089 1622 2168 lingua

495 2199 675 2261 Lecto
717 2199 987 2260 assistite!
1043 2195 1340 2274 diligenter
1383 2209 1486 2253 ora

498 2300 814 2362 Observate
859 2299 981 2359 Viri
1022 2298 1212 2378 quiete
1249 2313 1461 2378 pressa.

500 2403 723 2473 Quodsi
761 2402 971 2463 lumina
1010 2402 1241 2462 tandem
1282 2400 1480 2479 aperta
1516 2392 1683 2468 tollit,

502 2508 710 2566 Statim
762 2504 1042 2576 accedite,
1112 2500 1329 2560 lenibus
1378 2496 1614 2557 susurris

500 2606 781 2670 Blandum
820 2606 990 2668 dieite
1029 2603 1161 2663 ave!
1225 2600 1437 2659 salutat
1482 2616 1583 2657 ore

500 2708 751 2784 Nostro,
794 2707 989 2781 dieite,
1040 2704 1133 2765 Te
1172 2700 1299 2783 pius
1339 2703 1536 2781 poeta,

500 2811 617 2881 Qui
663 2809 757 2872 Te
793 2808 922 2890 plus
965 2804 1138 2866 oculis
1178 2802 1293 2863 suis
1335 2804 1584 2860 amatum
1614 2826 1621 2839 ·

501 2911 774 2974 Laetatur
814 2909 917 2970 sibi
960 2904 1262 2983 contigisse
1301 2900 1559 2974 amicum,

499 3014 590 3075 Ex
630 3032 747 3092 quo
786 3009 1118 3074 Pleissiades
1156 3010 1458 3081 utrumque
1494 2999 1695 3062 Musae

503 3116 858 3178 coniunxere
891 3131 1052 3174 sacro
1093 3110 1220 3170 sinu
1258 3111 1561 3187 receptum.

501 3218 594 3282 Te
638 3216 853 3277 salvere
891 3215 1050 3274 iubet
1096 3216 1271 3292 poeta
1308 3214 1524 3282 noster,

501 3319 809 3397 Natalique
848 3317 981 3378 Tuo
1023 3315 1206 3375 valere
1247 3311 1506 3383 multum,

502 3423 588 3483 Ut
629 3441 756 3481 eum
796 3418 1068 3495 coniuge,
1110 3416 1251 3474 flore
1290 3410 1639 3484 feminarum,

505 3523 641 3594 Qua
678 3539 786 3582 nee
832 3518 1032 3579 cultior
1070 3514 1452 3595 elegantiorve
1492 3514 1600 3584 est,

497 3625 654 3685 Cum
695 3628 822 3683 tota
865 3618 1093 3695 subole,
1157 3615 1367 3699 proba,
1430 3616 1689 3687 venusta,

507 3726 586 3787 Et
628 3744 756 3786 eum
803 3710 1134 3805 postgenitis
1149 3765 1170 3797 ,
1234 3717 1669 3799 nepotibusque,

508 3827 632 3889 Ceu
675 3826 833 3907 sylva
871 3826 928 3885 in
968 3822 1129 3882 viridi
1178 3821 1386 3880 deeora
1426 3835 1685 3896 quercus,

507 3928 702 3990 Laetis
750 3925 1086 4007 germinibus
1126 3921 1520 4003 repullulantes

508 4032 722 4092 Ramos
766 4047 984 4108 semper
1024 4044 1200 4105 agens
1247 4027 1482 4083 vetusta*
1517 4037 1753 4099 quereus

509 4133 738 4193 lllaoeus
779 4132 935 4192 senio
980 4130 1077 4191 diu
1122 4127 1381 4188 virescas.

685 4291 742 4350 O
773 4291 869 4351 lux
899 4287 1167 4363 eandida,
1211 4292 1329 4359 ter,
1372 4288 1572 4363 quater
1601 4281 1792 4345 beata!

501 4393 636 4464 ,Qui
673 4392 841 4454 rebus
883 4390 1101 4474 patriae
1139 4389 1292 4450 favet
1306 4429 1326 4462 ,
1391 4385 1659 4467 cupitque
1706 4390 1717 4403 ‘

2146 302 2292 377 5⁸7
