2725 4859
434 291 524 340 nn
567 290 815 338 unum
856 290 1237 341 nunwmm
1282 290 1617 341 mommio
1663 294 1949 341 marm.
2147 275 2308 347 393

408 428 681 519 reliquis
718 428 1023 519 mutilum
1059 437 1128 498 et
1166 436 1546 498 truncatum
1569 429 1793 520 (deest
1816 440 2059 521 quarta
2096 436 2298 507 totius

410 530 685 602 fabulae
723 554 884 623 pars
902 582 924 615 .‚
986 532 1293 624 nuptiae)
1350 532 1660 603 illustrari
1705 533 1913 604 debet
1953 558 1993 604 e
2029 536 2300 609 duob'm

411 635 857 704 monumentis
956 634 1524 704 antecedentibus.
1681 636 1794 705 Ab·
1897 641 2298 710 amicissimo

410 737 703 829 Meyero
730 739 999 830 accepi,
1050 738 1350 829 lapidem
1376 736 1512 805 hoc
1540 749 1939 831 argumento
1966 745 2300 813 caelatum

409 841 799 933 hapouitum
827 863 975 910 esse
1006 841 1178 910 ostio
1205 841 1525 909 culinae
1505 864 1575 908 ιιι
1603 842 1772 909 atrio
1798 843 2294 936 Borghesian‘o,

408 943 688 1036 fuligine
729 951 799 1011 et
838 941 1151 1012 sordibus
1202 943 1533 1012 culinariis
1572 950 2025 1015 excoecatum‘.
2110 950 2295 1019 Hinc

407 1069 545 1116 non
603 1054 819 1115 exstat
852 1045 922 1115 in
964 1045 1307 1116 Viscontii
1348 1046 1799 1139 descriptione
1839 1048 2063 1120 villae
2111 1051 2296 1121 Pin-

408 1149 710 1239 cianae,
768 1148 838 1217 in
887 1171 1023 1239 qna
1072 1148 1381 1218 nitidiora
1409 1158 1677 1221 tanum
1726 1173 1940 1243 opera
1987 1154 2058 1221 in
2112 1156 2298 1225 oecis

246 1268 255 1273 “
407 1250 974 1345 splendidioribus
1017 1251 1323 1344 exposita
1362 1252 1871 1343 perlustrantur.
1935 1255 2294 1347 Antiquius

404 1353 591 1423 hand
633 1354 839 1423 dubie
876 1363 978 1423 est
1028 1376 1203 1446 opas
1240 1376 1355 1426 ιιο.
1383 1353 1452 1423 2.
1494 1355 2122 1428 awinckelmanno
2164 1360 2294 1430 de-
2347 1392 2354 1399 ·

407 1459 753 1551 scriptum,
790 1457 970 1526 unde
998 1458 1331 1525 emanavit
1354 1458 1675 1545 alterum,
1709 1459 1779 1527 in
1803 1460 2085 1530 aedibus
2107 1463 2294 1532 Bor-

326 1560 799 1656 ghesiornm
826 1560 1068 1629 misere
1092 1559 1463 1628 foedatum.
1566 1560 1934 1648 Tertium,
1950 1586 1993 1632 a
2017 1564 2294 1658 Begero

406 1663 700 1748 editum,
750 1661 941 1731 haud
966 1663 1267 1732 obscura
1301 1663 1604 1751 artificis,
1659 1666 2104 1756 antiquiorem
2147 1668 2293 1738 for-

402 1789 587 1835 mam
625 1766 1128 1858 amplificantis,
1180 1766 1510 1857 impressa
1542 1765 1752 1836 habet
1787 1769 2087 1861 vestig-ia.
2271 1782 2276 1788 ’

243 1901 363 1978 ’.4
403 1900 661 1972 Medea
684 1903 949 1992 utrique
974 1902 1114 1970 filio
1143 1911 1427 1970 mortem
1453 1901 1825 1973 intendens.
1906 1905 2064 1973 Hoc
2105 1928 2294 1996 sym-

398 2006 684 2098 plegma
747 2026 1194 2073 marmoreum
1263 2005 1350 2072 ab
1417 2003 1674 2072 artifice
1737 2005 2001 2075 serioris
2061 2010 2293 2078 aetatis

400 2108 659 2177 factum
735 2117 949 2177 exstat
1013 2108 1339 2195 Arelate,
1434 2106 1842 2176 delineatum
1908 2110 1975 2178 in
2049 2109 2295 2182 Millm

400 2208 809 2306 voyage'l'.
837 2210 953 2283 ΙΙΙ.
979 2211 1077 2303 pl.
1106 2208 1242 2297 68,
1283 2209 1351 2278 2.
1407 2209 1559 2278 coll.
1586 2233 1658 2302 p.
1685 2208 1860 2284 5⁰1.

279 2347 353 2416 Si
406 2348 553 2438 quis
626 2347 1004 2443 diligentius
1069 2344 1243 2415 haec
1291 2356 1723 2415 monumenta
1759 2353 2295 2443 contempletur,
2397 2334 2402 2339 ⁴

65 2451 313 2521 orbem
355 2450 629 2521 fabulae
666 2449 982 2518 facillime
1022 2447 1493 2542 deprehendet
1532 2451 1623 2519 ob
1662 2452 1896 2523 oculos
1937 2454 2065 2521 sibi
2103 2455 2301 2546 posi--⁶

62 2566 231 2625 tum.
330 2554 516 2624 Tota
569 2554 847 2625 historia
901 2553 972 2621 in
1026 2554 1319 2644 quinque
1373 2563 1559 2622 actus
1602 2552 1810 2623 divisa
1849 2566 1918 2627 et
1956 2556 2298 2651 descripta

65 2666 382 2752 apparet.

1166 2880 1209 2941 Ι.

666 3028 1171 3119 NUPTIAE
1228 3028 1704 3102 IASONIS.

282 3210 363 3279 ln
402 3219 837 3280 monumento
874 3209 1551 3281 Winckelmanniano
1588 3216 1878 3298 quatuor
1909 3196 2050 3276 hae
2085 3230 2297 3300 pera-

73 3320 331 3409 g-tm·
352 3314 683 3406 personis.
757 3313 1017 3383 emsa
1060 3305 1384 3405 (νύμφη,
1444 3311 1882 3403 V.Villoison.
1904 3311 2181 3404 Proleg.
2206 3313 2300 3382 ad

72 3418 361 3497 Homer.
404 3439 478 3509 p.
502 3415 659 3507 XI.)
700 3415 1007 3484 velatain
1045 3436 1314 3482 manum
1341 3414 1655 3482 convenit
1677 3412 1938 3500 Iasoni,
1992 3413 2300 3484 adstante

70 3523 255 3591 inter
288 3528 647 3610 utrmque
670 3526 973 3587 matrona
993 3517 1309 3609 pronuba
1348 3516 1708 3606 (lunonem
1733 3516 2038 3610 appellat
2057 3517 2299 3609 Bege-

76 3646 229 3709 ηιε,
270 3644 477 3713 quam
516 3622 733 3690 aliena
752 3622 873 3690 iun
895 3621 1099 3690 fuerit
1138 3621 1229 3689 ab
1254 3619 1358 3688 his
1386 3619 1666 3711 nuptiis,
1713 3642 1956 3711 parum
1982 3620 2298 3711 memor).

75 3730 291 3797 Latus
347 3724 597 3795 Iasonis
651 3716 903 3794 clandit
963 3725 1104 3793 eins
1171 3714 1595 3816 δορυφόρος
1643 3723 1752 3792 vel
1803 3713 2303 3815 ἆσπιὸοφόρος

75 3828 681 3922 (Schildknappe).
748 3828 971 3895 Acu'te
1005 3825 1243 3894 artifex
1284 3826 1668 3917 ingeniosus
1707 3826 1929 3918 capite
1953 3825 2144 3893 illum
2166 3826 2302 3894 fln-

77 3932 183 4003 xit
215 3931 548 4000 declinato
585 3941 655 4001 et
684 3953 727 3999 a
755 3928 998 4022 nuptiis
1024 3950 1282 3999 averso.
1362 3926 1622 3998 Omnes
1649 3928 1825 3997 enim
1850 3926 2086 3996 famuli
2109 3927 2303 3998 Iaso-

80 4035 188 4106 nia
226 4035 705 4104 aversabantur
744 4033 1128 4124 nuptiarum
1167 4031 1585 4124 impietatem
1612 4038 1682 4099 et
1705 4029 1962 4099 domini
1986 4031 2304 4123 periuria,

79 4147 168 4210 ut
218 4147 475 4207 constat
526 4158 611 4206 ex
655 4134 986 4226 Euripide
1042 4136 1231 4224 (σοῖς
1268 4126 1648 4223 ἐκάμνομεν
1691 4144 1937 4219 κακοῖς
1973 4136 2202 4224 δμῶες
2238 4157 2302 4204 v.

85 4238 361 4331 1133).
452 4240 606 4310 Hac
647 4238 945 4307 satellitis
982 4239 1208 4330 figura
1243 4235 1475 4304 addita
1513 4234 1741 4306 effecit
1765 4237 2040 4324 artifex,
2101 4247 2176 4307 ut
2191 4238 2304 4309 in-

86 4345 341 4417 faustos
381 4343 762 4436 nuptiarum
807 4349 1080 4411 eventus
1122 4339 1347 4410 animo
1389 4341 1524 4408 iam
1560 4340 2132 4434 praeciperemus.
