2725 4859
1491 459 1576 531 V.

636 600 923 669 Restant
947 596 1074 666 alia
1097 595 1468 688 quaedam,
1512 605 1944 691 argumento,
1995 596 2065 666 iu
2095 619 2235 688 quo
2271 604 2546 667 versata
2573 608 2689 669 est

431 700 753 773 hactenus
795 700 1155 794 disputatio
1195 712 1458 788 nostra,
1511 701 1712 769 valde
1754 702 2002 774 affinia.
2111 701 2255 770 Sed
2299 722 2456 770 cum
2489 703 2690 771 ube-

432 808 681 876 riorem
709 826 942 875 eorum
970 804 1493 894 disquisitionem
1533 805 1741 897 libelli
1767 804 1964 873 huius
1991 806 2338 897 angustiae
2369 827 2518 873 non
2547 826 2688 875 eu-

431 912 660 1003 piant,
716 909 1002 1001 carptim
1028 917 1285 976 tantum
1312 930 1395 976 ea
1421 910 1910 1001 perstringere,
1963 906 2031 976 in
2057 910 2281 977 animo
2307 918 2428 976 est.
2505 909 2687 978 Fri-

330 1024 415 1091 41
440 1036 623 1083 mum
653 1013 885 1101 quaeri
911 1020 1157 1103 potest,
1200 1030 1339 1100 quo
1364 1021 1571 1102 pacto
1599 1010 1908 1104 effugere
1934 1013 2229 1101 potuerit
2253 1010 2688 1104 Aristopha-

428 1138 550 1185 nes
574 1116 705 1183 iras
735 1124 802 1184 et
826 1114 1189 1183 calumnias
1214 1115 1639 1183 sacerdotum
1654 1165 1675 1202 ,
1735 1114 1976 1204 quibus
2003 1116 2113 1182 vel
2137 1116 2430 1183 maxime
2451 1115 2684 1184 mem

431 1240 864 1288 commovere
890 1216 1123 1286 debuit
1149 1216 1588 1286 comicorum
1615 1218 1951 1289 dicacitas.
1996 1218 2251 1286 Actum
2281 1224 2429 1286 erat
2455 1216 2682 1287 dei}-

428 1320 544 1411 lis,
604 1321 658 1391 si
699 1322 860 1390 iocis
899 1321 1025 1389 illis
1063 1329 1133 1388 et
1158 1320 1404 1390 salibus
1444 1320 1730 1389 deorum
1776 1320 2234 1389 obsolesceret
2271 1321 2676 1396 auctmitas.

428 1425 575 1495 Sed
616 1446 947 1518 ponamus
991 1444 1262 1491 securos
1300 1423 1510 1493 fuisse
1551 1423 1641 1493 de
1681 1424 1964 1494 deorum
2003 1446 2277 1492 suorum
2301 1424 2676 1516 dignit-te,

427 1528 545 1617 qui
573 1527 753 1596 ferre
777 1534 1092 1619 poterant
1117 1526 1393 1594 dicteria
1416 1528 1485 1595 in
1513 1528 1697 1619 ipsos
1727 1526 2028 1595 coniecta
2045 1577 2066 1614 ,
2122 1527 2362 1616 quibus
2387 1527 2680 1597 ειη-ἱα-
2717 1576 2718 1581 1

424 1630 525 1700 las
567 1652 801 1699 eorum
828 1629 1076 1722 passim
1116 1628 1360 1698 radere
1402 1631 1745 1698 consuevit
1768 1638 1976 1721 poeta
2014 1640 2261 1698 noster.
2363 1630 2465 1697 Et
2489 1630 2676 1702 deos

426 1732 740 1825 quidem,
796 1732 850 1801 si
884 1732 1083 1800 flocci
1120 1733 1613 1825 penderentur,
1660 1734 2065 1825 populoque
2104 1733 2435 1801 deberent
2473 1733 2674 1803 ludi*

422 1837 680 1927 briam,
732 1837 982 1905 nullam
1023 1858 1066 1903 a
1106 1845 1526 1904 contemtore
1564 1836 1685 1905 suo
1725 1836 2074 1928 repetiisse
2109 1836 2515 1921 vindictam,
2567 1838 2674 1908 εὖ

422 1942 702 2026 mirum,
754 1940 1012 2032 quippe
1044 1940 1158 2028 qui
1182 1939 1345 2008 nulli
1373 1950 1613 2008 essent.
1689 1938 1830 2008 Sed
1858 1938 2274 2027 sacerdotes,
2330 1961 2474 2030 quo
2501 1942 2673 2010 ffl-
2717 1986 2718 1997 κ

420 2044 563 2112 lum
599 2046 667 2111 in
702 2044 893 2111 terris
935 2042 1094 2109 vivit
1131 2064 1347 2136 genus
1385 2042 1732 2111 hominum
1774 2042 2189 2129 imitabilius,
2246 2052 2349 2109 tot
2386 2065 2674 2136 ορμη-
2717 2032 2718 2099 f

420 2146 570 2214 bria
597 2156 666 2215 et
691 2144 1124 2214 contumelias
1154 2168 1373 2235 aequo
1400 2146 1625 2215 tulisse
1651 2144 1875 2213 animo
1891 2193 1914 2231 ‚
1955 2167 2084 2213 nec
2111 2145 2408 2231 coelum,
2463 2147 2670 2236 quod
2717 2150 2718 2231 Τ

420 2249 636 2333 aiunt,
688 2247 880 2316 terris
934 2249 1311 2330 miscuisse,
1367 2249 1556 2338 quod
1593 2258 1853 2316 tantum
1907 2248 2125 2317 scelus
2173 2271 2307 2317 non
2357 2248 2430 2316 in
2477 2251 2667 2321 solas

427 2350 902 2443 deportaretur
937 2360 1149 2419 terras
1166 2402 1186 2438 ,
1239 2351 1416 2420 haec
1453 2372 1616 2421 vero
1661 2361 1762 2419 est
1796 2351 2190 2444 prodigiosa
2225 2352 2556 2443 pafieutia
2595 2364 2668 2424 et
2717 2382 2718 2437 3

422 2474 616 2553 vere,
672 2452 860 2543 quod
903 2452 1250 2544 Satyricus
1295 2455 1420 2542 ait,
1472 2454 1765 2525 Thuscis
1807 2454 2015 2546 digna
2060 2438 2321 2523 libellis.
2377 2504 2384 2511 -
2425 2453 2666 2527 Multa
2717 2474 2718 2513 1

420 2566 649 2626 tamen
675 2556 761 2624 ad
787 2556 966 2624 hanc
992 2578 1138 2624 rem
1168 2558 1635 2648 explicandam
1675 2559 2015 2626 observari
2054 2566 2337 2649 possunt
2371 2582 2415 2627 e
2441 2562 2662 2629 mori·
2717 2570 2718 2613 ἒ

418 2661 550 2729 bus
600 2671 669 2728 et
705 2659 1011 2729 institutis
1054 2660 1596 2747 Atheniensium,
1651 2661 1894 2750 quibus
1937 2670 2158 2753 patet,
2215 2684 2480 2749 errare,
2537 2667 2660 2755 qui

422 2762 596 2834 haec
624 2787 664 2833 e
708 2765 913 2856 genio
942 2765 1384 2855 posteriorum
1425 2765 1801 2833 seculorum
1842 2763 2269 2832 diiudicanda
2307 2788 2460 2834 esse
2483 2788 2658 2836 ceu-

417 2867 653 2957 scant.⁴
734 2867 1006 2957 Duplex
1032 2866 1157 2934 fuit
1185 2889 1418 2934 eorum
1442 2919 1462 2953 ,
1518 2868 1633 2956 qui
1662 2890 1849 2935 sacra
1876 2866 2409 2936 administrarent
2437 2879 2512 2937 et
2536 2893 2656 2939 cu-
2717 2878 2718 2945 ῗ

414 2980 674 3055 rarent‚
742 2978 818 3036 ut
863 2992 1095 3038 omnes
1133 2970 1259 3037 rite
1299 2981 1790 3062 peragerentur
1826 2971 2265 3059 cerimoniae,
2319 2973 2652 3042 sacerdo-
2717 3038 2718 3047 ,

411 3081 555 3139 tum
584 3070 776 3138 ordo.
878 3072 1108 3160 UnuS,
1161 3094 1368 3159 quem
1394 3074 1459 3140 in
1502 3095 1764 3141 summa
1785 3075 2213 3143 veneratione
2249 3074 2460 3143 fuisse
2481 3096 2651 3145 vem

413 3183 928 3241 consentaneum
975 3185 1105 3262 est,
1159 3174 1426 3244 Cereris
1480 3176 1941 3263 sacerdotum,
1992 3176 2650 3271 Hierophantarum,

406 3274 1010 3368 Eumolpidarum,
1082 3278 1418 3369 virginum
1468 3302 1831 3351 sacrarum.
1954 3280 2070 3349 Ab
2123 3279 2229 3348 his
2281 3280 2650 3374 diligenter
2717 3284 2718 3337 ἶ

411 3378 687 3447 dentem
714 3380 1026 3449 abstinuit
1050 3392 1256 3473 poeta
1301 3392 1548 3453 noster.
1651 3382 1879 3451 Probe
1919 3384 2226 3472 tenebat,
2280 3406 2492 3474 quam
2518 3406 2649 3478 pe-

407 3482 768 3551 riculosum
799 3494 1004 3570 esset,
1057 3485 1204 3552 illos
1234 3485 1553 3553 arrodere
1575 3535 1593 3571 ,
1650 3486 1761 3575 qui
1790 3484 1948 3554 diris
1977 3486 2315 3555 devovere
2340 3499 2642 3580 possent.

408 3586 551 3656 Sed
580 3586 852 3654 fuerunt
888 3588 995 3655 alii
1039 3588 1236 3655 etiam
1289 3588 1615 3656 inferioris
1655 3588 1902 3656 ordinis
1942 3589 2358 3677 sacerdotes,
2415 3592 2644 3684 ἱερεῖς,

408 3714 578 3781 quos
626 3691 870 3760 eodem
901 3691 1054 3758 loco
1096 3699 1165 3758 et
1202 3713 1482 3758 numero
1523 3690 1788 3758 habitos
1831 3714 1978 3760 esse
2013 3694 2305 3784 putarim
2332 3695 2642 3782 Athenis,
2717 3712 2718 3721 ’

406 3817 542 3882 quo
568 3797 941 3885 aruspiceS,
996 3794 1345 3861 sacrificuli
1376 3805 1442 3862 et
1479 3794 1550 3861 id
1578 3817 1792 3886 genus
1829 3793 2135 3864 homines
2165 3796 2350 3887 apud
2376 3799 2642 3867 Roma-

402 3918 549 3968 nos,
654 3898 781 3967 His
811 3897 1237 3968 adscribendi
1279 3908 1433 3966 sunt
1454 3897 1639 3965 haud
1683 3897 1888 3966 dubie
1915 3898 2201 3987 aeditui,
2257 3901 2640 3994 extispices,

403 3996 667 4086 harioli,
707 4002 1118 4070 somniorum
1146 4001 1578 4081 coniectores,
1619 4002 2042 4070 oraculorum
2071 4002 2404 4072 institores
2432 3998 2641 4093 (μάν-

401 4121 541 4183 τεις
573 4099 689 4169 καὶ
713 4096 1207 4196 χρησμολόγοι)
1248 4104 1494 4194 aliique
1518 4100 1718 4173 buius
1759 4105 2016 4174 farinae
2057 4106 2430 4176 nebulones
2475 4109 2639 4199 plu-

299 4215 388 4280 42
406 4199 552 4267 rimi
603 4203 703 4291 ¹0¹).
802 4202 953 4273 Hos
1005 4207 1258 4302 ubique
1307 4207 1552 4275 acriter
1600 4208 1994 4294 insectatur,
2060 4207 2307 4295 horum
2357 4210 2636 4281 fraudes

542 4381 595 4450 ⁸)
630 4380 768 4434 Vide
800 4380 902 4449 sin,
951 4389 1164 4485 praeter
1206 4387 1476 4445 Postemm
1508 4390 1563 4445 in
1601 4391 1855 4460 Arsit-11,
1890 4392 1944 4451 3.
1986 4392 2136 4462 loca,
2186 4411 2325 4468 quae
2357 4396 2633 4470 diligantur
