2725 4859
502 295 599 344 ιιι
654 291 1323 344 ιιιωιπειιωιι
1380 293 1741 347 unum.
1831 321 1838 328 «
2154 275 2262 348 2⁸

104 435 251 499 ccret
275 436 475 523 poeta
512 421 981 525 ἦθίιιῶτατος
998 438 1203 521 atque
1240 430 1312 500 in
1336 429 1430 501 iis
1479 432 1644 523 ipsis
1693 440 1831 501 tam
1876 441 2074 502 cauta
2128 434 2260 504 cir-
2283 461 2299 484 κ

101 532 331 602 csiuone
354 556 509 603 usus
536 544 671 623 est,
720 543 837 621 nt,
890 534 1016 604 nisi
1040 535 1190 625 quis
1213 535 1564 627 insigniter
1587 536 1935 629 improbus
1963 560 2113 606 esse
2137 560 2260 607 ve-

96 634 179 722 fi,
216 636 284 706 iis
317 635 569 708 offendi
607 660 742 708 nou
781 646 1004 729 queat.
1109 636 1257 708 Sed
1281 639 1537 708 etiamsi
1575 661 1709 708 uno
1735 661 1856 708 ore
1891 662 2126 712 omncs
2151 641 2260 708 af-

94 738 307 807 firment
322 790 343 827 ,
391 739 788 810 Terentium
804 791 828 829 ,
878 740 935 812 si
974 764 1019 809 a
1062 738 1425 828 Cicerone,
1475 751 1676 834 patre
1716 742 2071 812 Romanae
2112 743 2258 813 elo·
2357 805 2364 815 .

90 843 383 936 quentiae,
435 853 508 912 et
530 843 765 936 paucis
790 842 967 933 aliis,
1029 843 1271 934 quibus
1294 845 1558 938 primae
1584 845 1831 916 deferri
1855 846 2072 915 solent
2093 869 2260 937 par-

88 954 190 1031 tes,
230 944 636 1035 discesseris,
687 969 896 1016 unum
946 948 1246 1018 omnium
1287 948 1575 1020 maxime
1626 939 1913 1020 tironum
1951 950 2260 1020 manibus

89 1047 383 1118 terendum
410 1074 560 1119 esse
583 1047 650 1122 in
676 1049 955 1139 scholis,
1004 1049 1190 1120 varia
1229 1059 1455 1120 tamen
1479 1052 1733 1122 ratione
1759 1075 1914 1121 eum
1953 1052 2162 1145 vulgo
2186 1053 2256 1122 in
2275 1058 2320 1122 5

85 1147 287 1220 scholis
320 1153 679 1246 explicari,
721 1149 790 1224 in
815 1173 1039 1246 eoque
1061 1154 1570 1248 interpretando
1595 1155 1797 1225 valde
1819 1156 1994 1224 inter
2018 1179 2092 1225 se
2117 1155 2260 1226 dis-

84 1253 282 1322 sentire
321 1265 390 1324 et
425 1255 820 1349 discrepare
858 1256 1249 1349 magistros,
1301 1259 1459 1328 satis
1500 1268 1779 1330 constat.
1793 1253 1814 1264 “
1881 1257 2091 1345 Sunt,
2142 1259 2257 1349 qui

82 1353 420 1430 aTerentio
460 1360 721 1429 initium
748 1360 820 1428 in
859 1359 1166 1456 legendis
1190 1360 1368 1430 Latii
1396 1360 1835 1454 scriptoribus
1875 1359 2262 1432 faciendum

83 1480 197 1530 esse
242 1471 475 1551 putent
497 1464 613 1555 *);
663 1472 819 1532 sunt
840 1464 958 1554 qui
983 1464 1052 1532 in
1076 1464 1206 1531 alia
1244 1464 1474 1534 omnia
1509 1461 1757 1536 abeant
1792 1475 1862 1533 et
1898 1464 2258 1533 confirma-

80 1568 169 1629 tse
186 1560 440 1634 demum
481 1589 565 1635 ac
595 1564 940 1636 Ciceronis
985 1567 1403 1659 aliorumque
1442 1570 1739 1661 optimae
1780 1577 1980 1640 notae
2021 1577 2260 1640 aucto—

81 1685 195 1734 ιιιιι
227 1666 509 1738 lectione
561 1669 1040 1739 corroboratae
1087 1672 1289 1739 aetati
1331 1693 1488 1741 cum
1535 1671 2061 1765 proponendum
2112 1692 2262 1742 esse

79 1780 350 1840 censeant
378 1772 522 1862 **).
625 1772 855 1863 Atque
906 1795 992 1842 ex
1038 1771 1177 1842 hoc
1216 1772 1304 1842 de
1354 1783 1665 1867 tempore
1679 1825 1702 1861 ,
1751 1796 1890 1865 quo
1925 1772 2263 1865 legendae

76 1869 179 1940 sint
212 1871 343 1943 eius
385 1871 697 1963 fabulae,
768 1877 1240 1948 sententiarum
1280 1875 1574 1954 divortio
1622 1877 1912 1946 maxima
1953 1876 2154 1946 etiam
2190 1875 2262 1944 in

77 1967 655 2069 iisinterpretandis
701 1976 1043 2052 diversitas
1070 1980 1355 2068 oriatur,
1405 2001 1685 2048 necesse
1724 1988 1843 2051 est.
1939 1979 2117 2048 Nam
2144 1978 2259 2070 qui

77 2075 244 2165 priori
268 2082 634 2151 sententiae
659 2080 923 2170 favent',
972 2083 1268 2152 tironum
1306 2105 1550 2170 causa,
1599 2083 1754 2173 qui,
1807 2103 1931 2152 usu
1956 2080 2266 2153 nondum

78 2177 294 2250 subacti
308 2234 329 2271 ,
386 2184 645 2274 ubique
683 2194 989 2256 aestuant
1014 2186 1125 2255 et
1106 2210 1174 2254 m
1209 2186 1553 2256 levissimis
1575 2185 2067 2280 impedimentis
2103 2194 2259 2254 tan-

77 2302 244 2370 qum
290 2285 356 2355 in
390 2286 578 2356 incili
624 2285 943 2378 haerent,
992 2289 1061 2359 in
1112 2289 1388 2384 singulis
1437 2289 1585 2359 fere
1625 2289 1847 2360 verbis
1883 2287 2260 2380 subsistant,

78 2388 264 2456 onmia
313 2388 404 2459 ad
445 2389 978 2462 Grammaticam
1027 2414 1336 2462 normam
1381 2393 1685 2487 exigant,
1739 2401 1809 2461 et
1855 2390 2259 2479 testudineo,

75 2488 229 2575 quod
277 2491 461 2563 aiunt
477 2544 500 2583 ,
548 2494 773 2588 gradu
818 2494 891 2566 in
938 2495 1019 2566 iis
1076 2495 1488 2589 explicandis
1535 2495 1909 2588 procedant
1967 2502 2261 2587 oportet,

77 2610 203 2670 mus
243 2604 507 2685 contra,
559 2598 677 2688 qui
718 2597 1283 2669 exercitatioribus
1321 2599 1670 2669 iuvenibus
1711 2622 1825 2668 eas
1848 2604 2262 2690 proponant,

76 2695 276 2765 acriter
307 2699 593 2788 instare,
647 2710 753 2791 et,
802 2701 858 2771 si
881 2700 1189 2770 Plautina
1212 2724 1384 2770 voce
1419 2702 1535 2770 hic
1561 2722 1836 2792 quoqne
1875 2701 1970 2768 uti
1995 2701 2100 2767 fas
2138 2709 2261 2790 est,

73 2799 347 2886 grandim
370 2803 701 2897 gradum,
742 2826 1095 2897 parvoque
1117 2799 1444 2898 temporis
1470 2805 1694 2896 spatio
1716 2812 1928 2870 totam
1955 2800 2259 2871 Comoe-

77 2896 229 2970 diam
257 2905 610 2976 absolvere
639 2907 913 3000 possint.
1021 2905 1246 2992 Quam
1286 2907 1564 2999 quidem
1605 2907 1932 2975 rationem
1950 2956 1972 2992 ,
2022 2905 2263 2974 ultimo

74 3000 203 3073 loco
245 3030 287 3075 a
330 3010 528 3079 nobis
582 3011 1175 3080 commemoratam
1188 3059 1213 3100 ,
1285 3033 1444 3080 cum
1495 3013 1767 3104 semper
1813 3010 1883 3079 in
1931 3007 2262 3078 Terentio

74 3104 238 3178 unice
258 3112 675 3202 sequendam
702 3136 854 3184 esse
878 3114 1077 3182 nobis
1100 3115 1667 3206 persuaserimus,
1719 3137 1886 3207 age,
1942 3112 2261 3206 dispicia-

73 3228 194 3280 mus
227 3236 398 3282 nunc
422 3224 823 3310 argumenta
837 3267 861 3305 ,
910 3217 1151 3308 quibus
1174 3216 1427 3287 inducti
1450 3218 1543 3286 ita
1566 3225 1952 3287 statuamus.

77 3397 245 3466 potuit,
276 3400 622 3468 deu-eduvit,
672 3401 768 3456 sed
804 3402 996 3456 multus
1029 3407 1111 3455 est
1148 3401 1204 3455 in
1243 3401 1498 3456 conviviis
1537 3400 1924 3469 describendis,
1971 3401 2111 3455 unde
2149 3401 2260 3456 ele-

75 3439 487 3593 masma
528 3470 1118 3541 appellaturabovid.
1146 3471 1219 3526 Π.
1271 3470 1588 3528 Tritum
1633 3477 1696 3526 ut
1738 3470 1875 3527 scite
1919 3471 2258 3544 exposuitl'.

187 3606 234 3673 ')
261 3608 349 3662 Sic
376 3540 912 3676 &eigili-Quia}
942 3539 1405 3663 ¹:ii-13d’octissirnns
1448 3613 1505 3662 et
1536 3608 1615 3662 rei
1657 3607 2000 3663 scholasticae
2030 3607 2261 3679 apprime

248 3676 350 3741 ,iu
380 3678 625 3745 consilio,
667 3679 809 3748 quod
841 3679 908 3732 de
930 3678 1259 3732 informanda
1282 3678 1554 3732 inventute
1588 3677 1901 3731 Germanica
1940 3678 2121 3745 lingua
2146 3675 2260 3730 edi-

170 3714 379 3808 (Islebae
421 3746 571 3802 1783.
578 3749 600 3807 l
634 3747 888 3800 tironibus
918 3747 1107 3800 statim‘
1130 3752 1253 3817 post
1284 3746 1700 3800 Melanchthonis
1731 3746 2118 3829 gramaticam
2145 3745 2261 3800 Te—

81 3810 263 3866 ratim
313 3821 366 3869 et
412 3815 687 3900 Virgffium
733 3816 983 3900 explicari
1019 3816 1166 3869 iubet
1211 3821 1267 3869 et
1310 3816 1432 3870 hinc
1481 3815 1743 3898 phrasium
1791 3814 2158 3867 sententiarum
2229 3834 2263 3870 ο

326 3884 516 3955 colligi.
586 3883 819 3954 Longius
852 3885 1116 3967 processit
1142 3885 1292 3938 Wolf
1533 3883 1837 3949 Ratichius‚
1889 3883 1981 3968 qui
2013 3899 2115 3955 pue

83 3960 174 4000 ffl-
272 3952 490 4008 thurum
535 3953 820 4007 litterarum
866 3952 1343 4037 pronunciationem
1432 3952 1682 4018 dicerint,
1735 3953 1912 4006 statim
1955 3952 2009 4006 in
2056 3970 2259 4007 manum

83 4015 504 4154 “ssuffzmvesise
540 4022 737 4146 spinga
777 4022 1097 4080 Terentium.
1170 4022 1333 4088 Vide,
1379 4023 1427 4076 si
1469 4021 1608 4076 tanti
1651 4028 1887 4088 resest,
1933 4020 2161 4077 Mor-hof.
2206 4022 2259 4076 in

296 4159 346 4212 H
486 4109 710 4214 sententip
942 4160 1094 4213 ulturi
1256 4159 1493 4222 utatione
1535 4159 1759 4214 asseruit
1801 4159 1878 4215 M.
1910 4160 2104 4215 Christ.
2141 4163 2258 4215 Go-

89 4157 495 4302 Μοαέίιῶἓιξι,
540 4177 960 4313 praesidlenfflu
962 4159 1288 4296 rsfleiscfih'ig,
1330 4248 1407 4283 uss
1452 4247 1492 4283 a
1531 4230 1780 4284 Terentio
1820 4230 2119 4298 primos-diu
2152 4232 2261 4284 Iau-

90 4287 174 4342 tiu·
92 4300 428 4415 &monis
459 4299 723 4368 capienda
755 4300 881 4422 sat.
922 4299 1093 4355 Viteb
1126 4297 1276 4355 1704.
1263 4315 1503 4423 ³130an
1521 4307 1740 4424 ὕαπιιιειι,
1783 4306 1842 4353 ut
1883 4299 2118 4358 ominibus
2151 4300 2262 4353 tere

92 4355 451 4437 &ut-posis
459 4317 760 4440 disputatio
849 4379 947 4434 ιιι,
974 4367 1207 4424 ordinem
1233 4386 1275 4423 v
1463 4385 1540 4424 οιι
1633 4384 1692 4424 cs
