2725 4859
734 331 804 377 m
849 329 1121 378 annua·
1148 330 1558 379 rannone.
2098 311 2247 386 41⁷

21 465 345 539 Paesie’o
385 463 807 559 Gatazogue
838 466 935 559 qs
952 465 1179 539 Gema
1206 489 1279 535 n.
1306 463 1530 535 720⁰.
1569 474 1640 539 et
1663 463 1887 535 72⁰1.
1989 468 2071 538 ln
2094 468 2250 543 the-

21 573 235 641 auris
267 570 451 662 regis
491 569 920 662 Neapolitani
956 570 1382 662 fuitgemma
1419 570 1747 661 inscalpta
1773 571 2122 664 (lntaglio)
2159 574 2249 643 ad

22 674 373 766 xemplar
399 681 664 741 nostrae
690 695 1008 766 gemmae
1047 673 1430 766 exscalptae
1463 674 1630 742 scite
1668 677 2070 766 composita,
2109 699 2250 766 qna

21 777 335 845 randem
363 775 489 844 sibi
514 776 662 843 fieri
689 794 925 868 passus
955 785 1057 845 est
1079 774 1450 869 Lippertus
1477 776 1546 843 in
1569 776 1978 866 Dactylioth.
2005 779 2057 866 l,
2074 777 2247 849 843.

21 886 306 949 notante
331 878 592 971 Raspio
611 879 701 948 ad
732 878 1144 972 catalogum
1167 878 1570 948 Tassianum
1592 900 1664 972 p.
1689 876 1861 951 417.

222 1184 569 1254 Maximae
609 1207 878 1278 semper
920 1187 1342 1257 admirationi
1377 1186 1504 1256 fuit
1527 1186 1598 1255 in
1621 1186 1754 1255 hac
1777 1208 2052 1280 gemma
2088 1188 2244 1258 feli-

22 1288 282 1359 issima
306 1288 655 1383 scalpturis
684 1289 1040 1360 dexteritas
1066 1293 1139 1359 in
1155 1289 1445 1360 velando
1471 1312 1723 1382 sponso
1749 1300 1818 1359 et
1842 1312 2111 1383 sponsa,
2137 1292 2245 1359 in·-

21 1416 175 1485 egu
182 1401 414 1461 mento
426 1402 562 1461 tam
578 1392 923 1484 pellucido
937 1395 1290 1487 obvolutis,
1315 1403 1391 1461 ut
1404 1392 1538 1461 oris
1552 1393 1972 1481 lineamenta,
2001 1416 2244 1484 quam-

21 1496 101 1564 is
135 1497 365 1564 velata
390 1496 552 1582 sint,
606 1497 956 1564 oculorum
984 1498 1199 1566 aciem
1223 1521 1359 1566 non
1392 1488 1652 1588 fugiant
1704 1497 1968 1588 (paene
1990 1497 2246 1567 videre

22 1609 156 1686 ast,
217 1607 317 1667 nt·
336 1598 666 1688 nudam).
742 1599 1081 1669 Notarnnt
1122 1600 1531 1692 antiquariae
1557 1600 2246 1691 supellectilis-idonei

21 1702 280 1788 rbitri,
351 1701 517 1770 duas
568 1713 927 1793 praeterea
979 1704 1254 1772 inveniri
1306 1725 1645 1795 gemmas,
1713 1703 1906 1771 simili
1958 1712 2102 1772 arte
2149 1701 2244 1772 ita

24 1805 335 1896 emptae,
378 1813 454 1875 ut
480 1804 676 1873 faciei
700 1805 855 1873 velo
880 1806 1230 1898 obnuptae
1253 1806 1652 1875 lineamenta
1666 1815 1978 1881 accurate
2005 1805 2270 1874 distin-·

21 1917 262 1997 :teque
290 1907 818 2001 conspiciantur,
870 1908 1245 1977 Ptolemaei
1288 1908 1541 1976 Auletis
1568 1929 1805 1994 unam,
1857 1930 2063 1996 quam
2101 1908 2240 1975 sin-.-

21 2010 237 2104 gnlari
289 2011 769 2078 commentario
819 1998 1161 2079 illustravit
1205 2010 1661 2093 Baudelotus‚
1713 2010 1780 2076 in
1820 2009 2258 2100 amethyst03'

21 2115 296 2181 [lteram
323 2136 362 2181 e
394 2112 845 2204 chrysolitho,
896 2114 964 2181 in
989 2137 1124 2204 qua
1146 2112 1441 2183 Sabinae
1470 2114 1817 2205 Augustae
1844 2121 2046 2204 caput
2069 2113 2240 2180 iuci-

21 2238 162 2284 um
192 2225 324 2301 est,
366 2216 716 2287 Ferrariae
738 2217 808 2283 in
834 2215 1331 2308 dactyliotheca
1354 2214 1770 2283 Marchionis
1793 2214 2239 2308 Crispi‚.Fer-

21 2318 343 2390 ariensis,
447 2318 592 2388 Sed
622 2319 711 2389 de
745 2317 851 2387 his
891 2319 1313 2414 disputaturo
1354 2319 1563 2387 otium
1604 2318 1766 2386 fecit
1804 2316 2239 2405 Koehlerus,

21 2422 558 2514 Petropolitanus
599 2422 1027 2514 antiquariae,
1084 2421 1409 2514 peculiari
1447 2421 1908 2492 dissertatione
1931 2444 2239 2516 gemmas

23 2527 305 2595 relatam
330 2526 579 2596 faciem
601 2523 988 2596 exhibentes
1014 2526 1369 2596 illustrans.
2310 2524 2316 2529 ’

1088 2713 1159 2784 3.

224 2830 515 2901 Gemma
540 2831 836 2903 omnium
860 2831 1447 2925 praestantissima,
1474 2831 1803 2921 exquisito
1830 2838 1901 2898 et
1917 2829 2240 2924 pulcher-

25 2936 192 3005 rimo
228 2957 474 3027 opere,
537 2935 727 3025 quod
767 2935 1043 3025 quidem
1082 2934 1259 3004 adeo
1300 2935 1687 3027 perfectum
1724 2934 2242 3023 absolutumque

25 3037 311 3110 reddidit
332 3038 590 3125 artifex,
615 3048 690 3105 ut
713 3038 879 3107 nihil
901 3038 1048 3108 fere
1071 3046 1277 3131 supra
1304 3039 1412 3106 vel
1437 3039 1719 3130 exprimi
1746 3039 1855 3106 vel
1872 3038 2243 3130 excogitari

27 3141 247 3235 possit.
312 3141 426 3210 .ln
478 3140 788 3211 omnibus
853 3142 1152 3233 partibus
1205 3151 1454 3212 coeunt
1501 3151 1850 3227 venustae,
1929 3139 2239 3233 dignitas,

27 3244 269 3337 gratia,
321 3266 611 3334 cumque
648 3245 802 3336 plns
843 3244 1119 3314 dimidio
1146 3254 1375 3314 extent
1397 3247 1696 3337 figurae,
1737 3243 1927 3334 quod
1951 3243 2042 3311 de
2065 3244 2239 3312 Pat-

27 3347 220 3416 rhasii
256 3346 538 3439 Ephesii
589 3347 868 3439 picturis
914 3357 1144 3415 narrat
1194 3348 1478 3432 Plinius,
1533 3346 1623 3416 de
1664 3344 2063 3439 anaglypho
2100 3344 2239 3417 hoc

27 3448 369 3543 praeclaro
394 3449 773 3543 praedicari
795 3450 1038 3518 merito
1063 3458 1327 3541 potest:
1380 3448 1476 3518 sic
1506 3447 1814 3517 desinere
1838 3449 2093 3517 scilicet
2115 3471 2238 3519 ex—

29 3552 381 3623 mitam
394 3561 464 3622 et
487 3552 746 3622 ambire
763 3575 837 3621 se
851 3552 1275 3640 lineamenta,
1308 3562 1387 3621 ut
1401 3552 1798 3646 promittant
1825 3552 1951 3620 alia
1965 3552 2238 3620 ulterius

29 3678 97 3723 ιο
144 3655 348 3724 veluti
385 3656 773 3742 ostendant,
824 3677 1000 3746 qnae
1030 3657 1412 3726 occultent„
1494 3653 1753 3723 Mirum
1777 3654 2001 3724 multis
2026 3654 2242 3723 visum

29 3766 147 3841 est,
172 3780 325 3827 cum
349 3759 648 3851 scalptor
672 3760 762 3827 ita
789 3761 1109 3851 egregins
1136 3770 1206 3828 et
1228 3760 1337 3830 vel
1367 3758 1722 3851 Pyrgoteli
1749 3752 2243 3846 comparandus

31 3861 223 3931 fuerit
242 3861 572 3954 Trypho,
629 3884 969 3952 nunquam
995 3871 1221 3930 tamen
1259 3862 1420 3930 alias
1447 3883 1669 3951 neque
1693 3860 1762 3928 in
1784 3857 2072 3951 gemmis
2095 3857 2244 3927 lite—

31 3963 217 4045 ratis,
264 3987 485 4055 neque
524 3966 591 4035 in
617 3966 1043 4056 antiquorum
1076 3964 1338 4058 scriptis
1365 3985 1611 4033 nomen
1656 3962 1795 4029 eius
1823 3981 2242 4052 comparere.

31 4069 275 4137 Verum
309 4067 493 4141 hunc
542 4060 931 4160 scrupulum
975 4066 1486 4157 quodammodo
1526 4065 1771 4135 exemit
1808 4063 2244 4157 Argentorati

33 4193 241 4264 nuper
273 4171 453 4240 edita
475 4171 917 4262 Anthologia,
965 4172 1035 4239 in
1060 4193 1196 4259 qua
1218 4168 1490 4237 Addaei
1517 4168 1936 4261 epigramma
1960 4169 2029 4236 in
2055 4167 2246 4258 Try-

33 4274 261 4367 phonis
314 4272 647 4344 Galenam
693 4272 1020 4356 occurrit,
1072 4272 1349 4365 elegans
1395 4294 1555 4341 sane
1592 4272 1758 4340 illud
1800 4280 1867 4339 et
1896 4280 2246 4365 pervem-

33 4388 236 4464 stum,
278 4376 468 4469 quod
492 4378 727 4469 paucis
760 4375 1189 4447 emendatum
1216 4375 1282 4442 in
1308 4385 1560 4467 poetae
1585 4375 1778 4444 simul
1804 4374 2248 4545 ezgcalptoris
