2725 4859
389 323 487 372 a»
524 321 863 372 »irenses
902 320 999 370 ιη·
1036 321 1131 410 ou
1175 320 1525 374 menon
1565 323 1935 374 emmau.
2223 305 2273 377 8

51 460 221 532 uim
273 459 370 528 ab
424 460 683 530 idoneis
735 457 979 530 harum
1032 480 1258 532 rerum
1303 458 1570 530 arbitris
1615 475 1724 528 me
1761 460 2270 552 impetraturum

54 585 189 632 esse
227 565 415 649 scio,
484 562 541 631 si
578 585 992 632 summorum
1036 562 1369 648 virorum,
1434 563 1550 662 qni
1589 562 1657 629 in
1699 564 2023 632 eiusmodi
2062 575 2330 659 argu-5

52 667 280 734 mentis
324 666 572 734 versati
608 673 797 752 sunt,
863 687 1171 758 premam
1224 665 1522 757 vestigia.
1628 659 1736 732 Et'
1775 689 1927 735 cum
1979 672 2271 740 muneris

50 770 221 854 eius,
278 769 477 858 quod
514 769 681 836 mihi
706 793 744 835 a
769 765 1303 840 Pmdentissimis
1336 767 1544 854 viris,
1599 765 1794 837 huius
1824 770 2096 839 scholae
2127 769 2271 843 Cu-

46 869 379 939 murm-s
421 881 492 939 et
524 872 829 940 Patronis
865 871 1347 941 demandatum
1391 881 1523 957 est,
1597 873 1768 940 ratio
1800 874 2142 963 postulare
2165 877 2268 943 vi-

44 974 314 1060 deatur,
399 984 476 1042 ut
523 976 790 1067 saepius
841 975 908 1042 in
964 973 1331 1046 scribendis
1388 973 1714 1043 eiusmodi
1763 975 2001 1076 libellis
2056 971 2269 1070 opera

44 1099 190 1144 urea
228 1087 608 1168 appareat,
674 1101 809 1148 non
849 1079 1137 1147 alienum
1180 1100 1224 1144 a
1264 1075 1594 1171 persona,
1647 1100 1825 1167 quae
1859 1077 2270 1172 milriimpo—

48 1181 163 1247 sita
203 1190 349 1265 est,
404 1180 557 1248 fore
592 1181 916 1268 arbitror,
968 1189 1045 1249 ut
1084 1201 1289 1269 quem
1333 1180 1673 1266 ordinem,
1743 1203 1946 1269 quam
1990 1184 2165 1251 viam
2202 1193 2272 1252 et

43 1282 377 1351 rationem
409 1283 478 1350 in
518 1284 829 1374 singulis,
899 1306 1074 1374 quae
1104 1283 1264 1352 mihi
1292 1284 1570 1376 publice
1607 1283 2024 1352 enarrandae
2052 1294 2121 1353 et
2145 1286 2273 1354 do-

42 1385 303 1454 cendae
346 1394 531 1471 sunt,
595 1387 1013 1455 scientiarum
1055 1397 1125 1455 et
1167 1387 1554 1479 linguarum
1600 1408 1750 1453 cum
1797 1396 2099 1454 veterum
2127 1396 2272 1460 tum
2335 1417 2336 1420 ¹

42 1488 501 1556 recentiorum
542 1490 878 1581 partibus,
940 1489 1106 1560 mihi
1132 1490 1639 1582 proposuerim,
1690 1487 1980 1581 publicis
2005 1491 2273 1582 scriptis

42 1589 428 1676 declarem,
479 1602 687 1681 atque
725 1592 930 1679 adeo,
982 1594 1038 1661 si
1065 1592 1152 1660 ad
1180 1614 1325 1660 rern
1368 1601 1506 1659 tam
1534 1592 1848 1683 exiguam
1881 1591 2273 1663 Ciceronia-

38 1713 201 1761 um
232 1692 411 1760 illud
437 1693 708 1762 trahere
736 1695 930 1782 licet,
991 1718 1075 1764 ex
1102 1696 1506 1764 umbraculis
1532 1694 2081 1764 scholasticorum
2110 1697 2272 1766 sub-

36 1793 393 1864 seffiorum
434 1798 504 1863 in
539 1798 891 1888 pulverem
934 1809 1003 1867 et
1043 1800 1257 1867 solem
1297 1797 1655 1868 adducam.
1758 1798 1860 1865 lta
1901 1799 2076 1864 enirn
2132 1800 2273 1886 flet,

40 1908 117 1967 ut
134 1907 215 1967 et
237 1898 360 1984 iis,
411 1920 700 1987 quorum
726 1901 1001 1970 interest
1025 1902 1225 1988 noire,
1277 1925 1456 1991 quae
1482 1901 1548 1968 in
1574 1898 1809 1968 schola
1833 1908 2060 1967 nostra
2084 1900 2274 1969 iuve-

40 2001 239 2069 urbm
285 2001 607 2070 discenda
646 2015 1147 2094 proponantur,
1204 2012 1274 2071 et
1314 2002 1662 2094 quomodo
1703 1999 2057 2070 doctorum
2104 2003 2172 2070 in
2195 2003 2275 2074 iis

38 2103 394 2173 audendis
419 2116 727 2174 versetur
747 2107 1103 2194 industria,
1156 2105 1332 2175 haec
1361 2106 1617 2196 liquido
1644 2115 2055 2198 appareant,
2112 2107 2275 2195 aliis,

36 2207 99 2275 si
136 2227 290 2297 qua
316 2207 477 2294 sint,
528 2209 773 2298 quibus
791 2259 812 2296 ,
864 2208 1120 2278 idoneis
1145 2210 1508 2278 rationibus
1536 2209 1887 2295 commoti,
1944 2210 2276 2277 calculum

40 2331 243 2378 snum
282 2307 544 2378 addere
582 2333 720 2379 non
756 2312 1052 2403 possint,
1119 2321 1188 2380 et
1212 2333 1388 2402 quae
1442 2312 1700 2380 meliori
1726 2311 2143 2401 faciliorique
2169 2310 2277 2380 via

38 2412 295 2480 confici
332 2435 537 2504 posse
573 2421 841 2506 putent,
908 2411 997 2482 de
1034 2415 1112 2483 iis
1154 2438 1273 2483 nos
1315 2414 1682 2483 admonere
1707 2422 1776 2482 et
1800 2415 2078 2482 meliora
2105 2414 2276 2482 edo-

40 2537 241 2602 cere,
268 2516 631 2608 'irrtegrum
659 2516 742 2585 sit
766 2526 836 2585 et
858 2515 1163 2588 liberum.
1248 2512 1406 2586 Non
1432 2519 1523 2586 ita
1547 2516 1725 2585 enim
1748 2516 1915 2584 mihi
1941 2539 2088 2585 sum
2113 2511 2279 2588 Suf-

38 2617 245 2685 fenus
291 2626 365 2686 et
400 2619 921 2688 matercularmn
960 2615 1037 2687 in*
1063 2639 1357 2708 morem,
1427 2617 2005 2688 dilectissimorum
2053 2619 2278 2688 infan-

36 2729 191 2787 tum
230 2742 487 2790 naevos
520 2724 725 2790 etiam
764 2723 1320 2810 exosculantium,
1387 2744 1601 2791 coeco
1655 2744 1926 2807 eorum,
1995 2743 2171 2809 quae
2207 2722 2277 2788 in

38 2821 348 2890 arufiam
390 2826 772 2915 protulero,
838 2847 1070 2893 amore
1109 2825 1465 2892 infatuatus
1482 2875 1518 2910 ,.
1572 2832 1649 2891 ut
1688 2823 1863 2890 eain
1888 2824 2140 2891 nullam
2165 2833 2278 2891 re—'

38 2921 574 3015 prsse'nsionem
615 2928 855 2996 merito
896 2927 1141 2997 cadere
1187 2950 1390 3018 posse
1442 2925 1608 2994 mihi
1645 2924 1962 2992 inducam
2013 2925 2077 2993 in
2129 2925 2279 2993 ani—

36 3045 256 3096 mum-
361 3028 570 3114 Meo,
623 3031 839 3117 utqui
865 3031 1183 3117 maxime,
1233 3030 1512 3098 modulo
1538 3049 1649 3096 me
1673 3029 1894 3097 metiri
1922 3028 2157 3114 didici,
2211 3036 2282 3100 et

32 3129 161 3217 qni
204 3130 321 3197 vix
342 3119 646 3200 tirocinia
682 3134 749 3200 in
775 3133 879 3200 his
908 3134 1280 3225 posuerim,
1334 3141 1657 3221 quantum
1682 3139 1925 3217 restet,
1975 3131 2166 3222 qnod
2190 3130 2278 3199 ab

34 3232 193 3299 aliis
236 3233 451 3325 longe
489 3233 735 3302 maiori
750 3235 816 3302 in
843 3233 946 3302 his
974 3258 1099 3304 usu
1124 3244 1193 3302 et
1214 3235 1452 3325 peritia
1480 3234 1798 3325 praeditis
1830 3233 2089 3301 discere
2112 3255 2282 3324 pos·-

34 3331 206 3418 ἀφ’,
273 3337 498 3426 probe
537 3338 713 3410 novi.
818 3338 1057 3405 Liceat
1092 3339 1327 3429 igitur,
1394 3336 1508 3404 hic
1551 3339 1825 3426 quoque
1864 3334 2104 3403 imitari
2157 3335 2281 3403 de-

34 3433 387 3505 cantatam
425 3440 606 3506 illam
648 3440 920 3531 pictoris
967 3435 1094 3507 Coi
1133 3413 1483 3526 technam,
1535 3440 1684 3526 qui,
1740 3446 1909 3507 teste
1934 3439 2151 3507 Plinio
2177 3439 2279 3527 ³⁸5),

37 3559 267 3630 opera
308 3561 429 3607 sua
454 3544 890 3632 proponebat
912 3543 978 3609 in
1006 3544 1291 3634 pergula
1314 3542 1805 3611 transeuntibus
1824 3591 1842 3628 ,
1900 3535 2100 3629 atque
2123 3548 2285 3630 post

40 3641 267 3729 ipsam
295 3644 593 3710 tabulam
622 3647 863 3730 latens,
916 3646 1108 3730 vitia,
1161 3666 1337 3737 quae
1362 3654 1790 3730 notarentur,
1845 3635 2280 3727 auscultabat,

40 3752 115 3810 et
162 3745 501 3834 postridie
534 3738 897 3815 emendata
944 3745 1185 3814 iterum
1237 3756 1668 3840 proponeret.
1775 3742 2032 3814 Omnes
2081 3737 2283 3836 igitur

39 3843 295 3915 hat-m
347 3851 774 3939 pagellarum
826 3851 1117 3920 lectores
1164 3850 1639 3918 humanissime
1681 3863 2042 3938 rogamus,
2107 3855 2184 3915 ut
2223 3845 2282 3918 εἰ

40 3947 390 4017 ἰιιωῐᾱιιπι
443 3953 764 4021 titubasse
813 3973 934 4021 nos
992 3962 1060 4020 ot
1108 3973 1236 4042 per
1287 3954 1593 4020 sinuosos
1645 3950 1979 4018 anfractus
2036 3959 2106 4018 et
2151 3949 2283 4018 cir-

44 4051 382 4121 cuitiones
435 4076 523 4121 eo
580 4056 875 4124 tendisse
931 4049 1230 4142 videant,
1305 4071 1440 4145 qua
1475 4056 1653 4122 vlam
1708 4046 2282 4145 compendiariam

44 4150 246 4222 uobis
314 4167 698 4227 monstrare
768 4158 1058 4250 possint,
1152 4155 1537 4226 humaniter
1602 4156 2012 4225 admoneant
2077 4164 2148 4224 et
2211 4156 2342 4223 ino

181 4390 239 4457 ·)
275 4389 412 4446 pun.
448 4389 588 4448 nist.
626 4389 755 4444 Noa
792 4389 1017 4446 xxxv.
1055 4390 1140 4445 ια
1175 4406 1220 4444 a.
1252 4389 1343 4444 36.
1866 4453 1907 4515 1
1931 4453 1968 4493 *
