2725 4859
840 306 1177 355 »uenusto
1228 307 1556 357 secunus.
2162 283 2310 360 ³81

84 445 551 541 oeulospoui,
590 443 925 514 ndandae
952 444 1146 515 caedi
1169 443 1303 514 iam
1328 447 1734 534 accinctam,
1769 446 1974 516 talem
1999 446 2315 539 denique,

90 552 371 643 qualem
408 550 480 617 in
505 547 965 643 pulcherrima
992 557 1210 617 statua
1231 549 1676 641 ‚depraedicat
1701 549 2148 633 Callistratum,
2199 551 2317 640 qui

70 645 497 746 *erniptorem
561 674 715 721 cum
765 642 1057 744 imagine
1107 650 1424 745 'gemmae
1473 653 1855 746 diligentius
1908 654 2318 724 contendere

88 756 287 826 haud
324 765 647 849 gravetur
661 805 683 842 ‚
734 754 1047 824 dubitare
1084 777 1222 824 non
1252 757 1520 847 poterit.
1591 755 2017 826 Conveniunt
2041 758 2110 825 in
2135 757 2316 826 mul-

90 861 217 947 ab,
265 859 531 952 gladius
572 859 640 926 in
684 880 920 945 manu,
976 858 1258 950 capillus
1285 881 1555 950 sparsus
1584 870 1653 927 et
1675 860 2056 951 neglectus,
2097 862 2317 930 vultus

90 973 329 1032 torvus
368 969 455 1030 et·
477 960 757 1029 eaedem
796 962 1051 1053 spirans
1086 962 1467 1031 immanem.
1569 962 1825 1033 Verum
1862 971 2088 1044 tamen
2112 986 2318 1054 quam
2447 1036 2450 1039 ,

89 1068 167 1135 iu
188 1086 465 1158 gemma
491 1065 821 1143 cernimus
845 1065 1137 1157 figuram
1160 1063 1491 1153 Medeae,
1545 1064 1819 1134 ductam
1853 1088 2003 1135 esse
2034 1088 2075 1136 e
2102 1075 2319 1136 statua

94 1167 458 1239 Gallimti
494 1167 835 1237 affirmare
874 1168 1099 1238 nolim.
1202 1168 1360 1236 Hoc
1398 1177 1720 1261 apparet,
1757 1169 1958 1237 fuisse
1995 1169 2318 1260 archety-
2353 1158 2362 1171 ’

92 1292 283 1364 pon,
350 1268 419 1338 in
456 1269 645 1361 quod
700 1279 987 1359 uterque
1025 1269 1265 1339 artifex
1304 1272 1542 1339 intueri
1578 1273 1892 1362 potuerit.
1995 1272 2140 1341 Sed
2180 1283 2317 1341 sta-

90 1375 385 1462 tuarius,
442 1373 635 1468 guod
689 1396 762 1442 se
800 1373 871 1441 in
914 1382 1128 1443 statua
1150 1372 1490 1467 'fingenda
1531 1374 1812 1467 dignum
1852 1384 2058 1463 esset,
2127 1375 2317 1445 haud

90 1479 345 1547 obmus
362 1527 385 1564 ,
463 1476 947 1545 deliberantem
998 1476 1222 1546 adhuc
1239 1527 1260 1564 ,
1336 1478 1792 1549 imminentem
1844 1478 2112 1565 sceleri,
2191 1476 2315 1548 sed

92 1580 542 1672 compositam
578 1590 840 1667 tamen,
891 1579 1185 1648 necdum
1226 1581 1427 1649 citato
1464 1580 1690 1673 gradu
1712 1604 1856 1663 sese
1881 1592 2316 1673 proruentem

94 1684 375 1756 effinxit.
444 1683 604 1752 Plus
642 1683 844 1752 licere
872 1682 998 1752 sibi
1024 1684 1283 1774 putavit
1313 1704 1737 1776 gemmarum
1764 1684 2079 1776 scalptor.
2147 1687 2316 1754 Ruit

97 1787 193 1856 ad
218 1784 498 1856 caedem
525 1786 891 1855 furibunda
914 1795 985 1855 et
1006 1786 1252 1855 irarum
1278 1796 1504 1855 oestro
1531 1788 1789 1878 percita
1815 1786 2103 1873 Medea,
2146 1809 2315 1856 ven-
2361 1853 2374 1859 -

95 1891 185 1960 tis
222 1891 515 1982 agitatur
557 1912 755 1958 coma
784 1888 1075 1980 quassa,
1140 1890 1325 1957 volat
1359 1890 1598 1978 vestis,
1665 1900 1851 1957 motu
1895 1889 2314 1981 lymphatico

96 1994 564 2064 concutiuntur
614 1994 856 2063 omnia.
953 1992 1567 2062 vehementissimis
1619 1991 1804 2061 hisce
1853 1992 2145 2061 motibus
2179 1993 2315 2061 im-

94 2120 318 2190 pense
358 2096 725 2165 delectatos
763 2120 913 2165 esse
953 2117 1376 2188 gemmarum
1418 2096 1788 2188 scalptores
1831 2096 2121 2165 clamant
2163 2107 2376 2174 sex-5

96 2208 299 2269 centa
325 2199 740 2269 Maenadum
781 2196 1162 2286 simulacra,
1214 2199 1282 2268 in
1324 2198 1568 2289 quibus
1605 2198 1940 2268 variandis
1967 2208 2038 2268 et
2060 2221 2319 2283 novan-

96 2303 208 2373 aus
248 2302 381 2370 dici
420 2324 557 2370 non
594 2312 851 2394 potest,
905 2313 1228 2392 quantum
1257 2302 1726 2371 luxuriaverint
1749 2302 2319 2393 exultaverintque
2359 2352 2366 2361 .

98 2406 517 2497 scalptorum
559 2415 862 2474 veterum
904 2404 1225 2497 ingemas
1310 2404 1675 2474 Enimvero
1734 2402 2121 2498 discrepent
2161 2404 2322 2475 licat

96 2520 177 2578 et
214 2508 602 2577 discordent
645 2510 816 2576 inter
857 2531 929 2575 se
968 2518 1222 2576 statuae
1261 2509 1491 2600 imago
1531 2517 1599 2576 et
1638 2530 1952 2600 gemmae
1993 2518 2319 2599 ectypom
2435 2556 2452 2571 2

97 2612 240 2681 hoc
282 2619 503 2679 tamen
540 2611 693 2680 satis
730 2610 820 2678 ad
862 2610 1188 2699 liquidum
1236 2611 1398 2678 mihi
1435 2610 1837 2702 perductum
1864 2633 2011 2679 esse
2033 2609 2322 2695 videtur,

40 2728 65 2749 ·
96 2736 461 2806 superesse
512 2715 703 2782 nobis
753 2714 821 2781 in
876 2736 1152 2804 gemma
1203 2715 1478 2802 antiqua
1529 2722 1819 2800 statuae,
1886 2734 2023 2802 qua
2065 2711 2324 2781 Medea

96 2818 466 2886 liberorum
532 2816 944 2886 interfectrix
993 2816 1336 2884 nobilitata
1386 2815 1512 2883 fuit
1533 2865 1556 2902 ,
1632 2813 1818 2883 haud
1871 2815 2158 2883 obscura
2208 2836 2324 2883 ve·-

298 3022 738 3115 -Singularem
791 3030 1146 3115 praeterea
1185 3021 1476 3114 figuram
1520 3019 1817 3090 Medeae
1861 3005 2326 3092 renovem-&ov

95 3149 228 3196 nec
274 3127 341 3193 in
381 3127 667 3217 gemmis
714 3149 839 3194 nec
877 3127 947 3194 in
972 3127 1113 3195 aliis
1141 3126 1404 3217 priscae
1430 3124 1586 3193 artis
1611 3127 2060 3195 monumentis
2086 3126 2324 3209 obser-

100 3252 269 3298 vare
311 3230 538 3315 nobis,
591 3230 702 3297 vel
741 3231 1029 3297 maxime
1069 3229 1140 3297 id
1180 3228 1574 3321 agentibus,
1624 3229 1827 3299 licuit.
1934 3229 2010 3299 Si
2039 3230 2186 3319 quis
2216 3250 2327 3297 me

98 3333 368 3401 felicior
396 3334 757 3423 repererit,
804 3331 1178 3423 impertiat,
1234 3353 1523 3420 quaeso,
1565 3340 1634 3399 et
1659 3352 2014 3400 commune
2042 3330 2328 3424 ἕρμαιοώ

99 3458 256 3505 esse
299 3436 631 3503 existimet
654 3434 751 3524 ³⁸¹).
787 3500 807 3517 ,
856 3434 1001 3503 Sed
1039 3435 1294 3502 bonum
1332 3432 1627 3501 factum!
1682 3433 1891 3518 Quod
1931 3434 1997 3502 in
2023 3458 2178 3503 aere
2204 3458 2330 3503 an*

96 3539 297 3627 tiquo
344 3546 412 3605 et
459 3540 746 3631 gemmis
798 3537 1050 3607 delevit
1093 3537 1605 3626 obliteravitque
1646 3546 2030 3629 temporum
2070 3532 2328 3623 iniuria,

98 3756 194 3793 nes
225 3755 317 3792 seu
359 3738 543 3791 Musae
575 3736 808 3805 tragicae
843 3735 1003 3804 signis
1035 3736 1157 3788 addi
1185 3735 1369 3803 solito,
1415 3750 1563 3804 quem
1595 3752 1659 3787 ex
1690 3735 1787 3786 bac
1817 3733 2038 3787 Medeae
2077 3731 2332 3786 ensiferae

94 3807 326 3878 imagine
368 3808 433 3860 ad
464 3808 646 3861 Musae
679 3804 915 3874 tragicae
944 3804 1372 3874 significationem
1410 3803 1671 3856 transiisse
1703 3802 2002 3858 monuimus.

1323 3886 1329 3895 .
2023 3860 2051 3892 0

244 3913 301 3978 ¹⁶¹)
336 3911 445 3964 Sed
474 3926 660 3978 magna
689 3907 858 3962 nautio
891 3913 1000 3974 est,
1036 3925 1102 3960 ne
1134 3906 1329 3975 figuras
1362 3904 1431 3959 ab
1463 3911 1766 3974 argumento
1809 3911 1982 3957 nostro
2019 3902 2169 3974 plane
2201 3903 2332 3956 alie-

98 3997 231 4038 m.
268 3981 476 4033 obtorto
511 3980 643 4033 collo
677 3977 746 4031 ad
788 3976 875 4042 id,
923 3977 1061 4046 quod
1099 3976 1249 4030 nobis
1286 3975 1599 4047 propositum
1633 3979 1750 4038 est,
1774 3971 2103 4054 ‘abr-ipimus
2145 3973 2226 4027 vel
2261 3972 2331 4026 ab

96 4047 398 4105 «nutibus
430 4049 579 4104 nobis
627 4044 832 4101 obtrudi
872 4046 1137 4114 patiamur.
1208 4045 1299 4098 Sic
1342 4052 1455 4097 tota
1495 4043 1590 4119 νη
1618 4050 1817 4094 errant
1848 4042 1956 4095 Ras
1993 4040 2073 4095 ius
2105 4042 2156 4094 in
2192 4058 2332 4097 com-

102 4117 361 4172 mentario
395 4118 460 4170 ad
496 4117 673 4171 Tassii
707 4130 932 4184 gemmas
968 4113 1230 4181 (Tassie’s
1251 4114 1554 4184 catalogue
1584 4109 1804 4165 n.8644.
1845 4129 1895 4181 p.
1914 4062 2083 4180 ⁵89.»
2120 4110 2332 4164 nobilia—

96 4187 286 4242 ainum
318 4186 446 4240 illud
480 4187 673 4240 Salutis
706 4183 846 4254 apud
878 4181 1140 4239 Romanos
1174 4181 1472 4251 augurium,
1517 4178 1766 4244 feminae,
1801 4196 1935 4250 quae
1968 4199 1994 4234 s
2094 4180 2202 4234 enti
2235 4194 2331 4250 pa·

103 4265 272 4310 teram
306 4256 597 4321 ministrat,
648 4253 869 4322 imagine
898 4266 1224 4322 expressam,
1274 4251 1341 4302 de
1412 4265 1479 4303 ua
1513 4248 1528 4263 ⁶
1565 4249 1608 4302 si
1647 4248 1766 4303 olim
1801 4249 2012 4304 uberius
2078 4248 2332 4323 isputavi-

99 4319 1479 4451 ffissv'fflmmsszssa‘afffflmm
1507 4267 1574 4374 3
1645 4321 1709 4335 ··
1761 4319 1863 4389 “·»
1905 4318 2019 4375 ¹⁶³·
2054 4320 2235 4425 ”w
2265 4316 2333 4371 “¹

1130 4429 1147 4460 '
1481 4430 1495 4445 Ο
