2725 4859
706 282 1019 330 emma
1065 283 1346 332 urus.
1379 284 1440 336 o.
1472 285 1655 333 xxiv.
2155 267 2303 340 517

334 416 606 476 Cultellos
653 416 896 493 nitidos,
966 435 1112 494 ques
1153 420 1352 487 ferm
1407 417 1620 480 Norica
1660 420 1831 495 confi,

496 517 726 592 Mitras,
798 517 1103 593 calceolos,
1180 520 1353 581 lintea
1393 522 1698 602 gossypina

227 688 234 695 ,
333 617 601 697 Undiq‘ue
648 620 980 697 conquirens
1023 627 1219 682 cautus
1260 630 1624 700 congesserat
1662 629 1845 683 emtor

493 718 1880 803 lucurrumis‚voluitquieomesesseviae.

328 946 796 1025 Quid'facerem,
839 969 954 1029 quo
996 958 1055 1011 te
1089 953 1303 1028 vinclo,
1348 954 1530 1014 brevis
1571 973 1729 1029 arca,
1766 960 2041 1016 tenerem!

489 1049 727 1111 Ferreus
768 1058 886 1127 est,
951 1052 1120 1113 talem
1160 1054 1258 1130 qui
1312 1056 1510 1134 procul
1557 1074 1682 1116 esse
1730 1054 1903 1115 iubet.

322 1150 620 1212 Exclamo:
673 1174 784 1213 una
825 1155 915 1213 via
953 1162 1068 1229 eut,
1125 1173 1241 1233 qua
1282 1175 1375 1216 me
1415 1158 1709 1216 comitetur
1750 1164 1991 1218 euntem.

486 1254 552 1314 In
595 1256 807 1334 gremio
851 1256 1121 1315 recubans
1163 1262 1289 1315 tutu
1331 1259 1438 1319 erit
1476 1258 1572 1318 illa
1602 1277 1745 1319 meo.

322 1352 449 1415 Nec
488 1375 676 1418 mora:
730 1363 1061 1438 perpetuam
1104 1358 1360 1425 comitem
1399 1365 1709 1439 noctesque
1750 1359 1983 1438 diesque

479 1456 547 1517 ln
588 1458 826 1536 genibus
867 1460 1025 1520 flexis
1066 1460 1349 1538 capsulam
1392 1459 1600 1523 habere
1640 1462 1812 1522 iuvat.
1858 1492 1861 1499 ·

320 1558 502 1619 Dulce
542 1579 720 1636 onus,
768 1561 826 1620 in
869 1579 986 1638 quo
1030 1561 1167 1620 dum
1214 1561 1540 1639 languentia
1580 1564 1788 1625 lumina
1828 1562 1969 1642 figo,

480 1663 724 1723 Somnus
769 1662 918 1736 abit,
982 1662 1209 1740 fugiunt
1257 1665 1446 1725 taedia
1493 1664 1643 1727 mille
1681 1665 1819 1727 viae·

315 1888 586 1968 uquetat
622 1889 870 1970 lglaviae
908 1895 1091 1953 tun-es
1138 1884 1394 1970 finesque
1433 1891 1701 1952 Moravos

475 1991 596 2051 lam
636 2011 827 2054 currus
869 1991 1073 2071 hungis
1127 1995 1386 2071 gnaviter
1418 2000 1576 2055 actus
1617 1994 1798 2071 equis,

313 2093 410 2155 Tu
465 2093 819 2172 ferrugineo,
877 2091 1044 2169 Nox,
1105 2095 1279 2177 peplo
1330 2096 1533 2159 induta
1572 2097 1835 2174 resurgis,

400 2259 415 2281 ἱ
472 2195 554 2255 Et
594 2201 660 2256 tu
698 2214 1060 2276 praecursor,
1115 2197 1399 2278 Hespere,
1464 2199 1646 2259 noctis
1687 2198 1841 2261 ades.

310 2297 540 2376 lamque
578 2297 751 2357 trahis
792 2300 1030 2359 caudam
1071 2300 1236 2359 rutilo
1280 2300 1613 2380 splendore,
1685 2305 1924 2373 cometa,

470 2399 604 2470 Quo
650 2399 771 2458 viso
813 2400 1093 2477 agricolae
1133 2399 1279 2460 bella
1319 2403 1641 2478 famemque
1680 2401 1909 2473 timent;

307 2501 361 2562 lt
401 2502 492 2560 via
530 2499 783 2574 declivis,
834 2502 1056 2562 fervens
1096 2506 1225 2562 rota
1271 2502 1514 2562 volvitur
1551 2520 1682 2575 axe,

465 2601 840 2682 Praecipitant
879 2624 1101 2664 currum
1153 2624 1301 2679 nox,
1364 2605 1488 2678 via,
1552 2622 1775 2675 cursus,
1842 2604 1988 2681 equi.

299 2705 524 2785 Sponte
564 2722 665 2762 sua
705 2708 940 2782 patuere
979 2706 1131 2765 fores
1144 2747 1165 2779 ,
1208 2725 1348 2783 quas
1392 2724 1584 2765 currus
1625 2705 1886 2780 utrinque

463 2804 654 2863 Offert
693 2806 998 2879 scansuris,
1046 2806 1289 2865 claustra
1326 2806 1567 2865 refracta
1607 2811 1853 2883 crepant.

302 2907 565 2984 Dumque
605 2906 756 2979 fores
798 2914 965 2984 capto
980 2949 1000 2981 ,
1065 2906 1301 2969 defluxit
1347 2905 1603 2986 capsula,
1668 2906 1771 2965 fati

463 3007 761 3067 Immemor
812 3006 925 3069 heu
972 3008 1132 3082 duri,
1201 3008 1534 3085 exsiluitque
1574 3007 1744 3069 foras.

301 3110 436 3180 Quo
476 3109 622 3183 ruis,
664 3108 880 3183 infelix,
936 3110 1133 3171 clamo.
1240 3111 1406 3170 Saltu
1444 3110 1726 3188 insequor.
1815 3109 1996 3168 lusto!

458 3210 710 3271 Frustra.
795 3211 1046 3293 Prolapsi
1090 3213 1367 3291 fragmina
1406 3211 1552 3271 mille
1591 3211 1802 3291 volant.
1932 3274 1941 3279 ,

297 3312 627 3390 Pei-stringit
667 3318 794 3371 rota
843 3313 1122 3393 posterior
1138 3356 1158 3387 ,
1202 3314 1330 3372 ferit
1372 3310 1586 3388 ungula
1637 3311 1865 3390 lapsam.

458 3414 556 3475 Sic
590 3413 736 3472 iacet
776 3413 1123 3494 Hippolytus
1165 3414 1497 3487 dilaceratus
1540 3413 1716 3493 equis.
1776 3446 1785 3455 ·
1860 3452 1865 3463 -

296 3517 416 3575 Ora
463 3515 612 3574 subit
654 3514 864 3595 pallor,
921 3515 1088 3575 dolor
1131 3515 1418 3595 improbus
1457 3520 1623 3592 urget
1652 3521 1713 3575 et
1754 3515 1925 3592 angit.

453 3616 621 3677 Flere
659 3618 844 3692 iuvat,
907 3618 1187 3696 lacrymae
1224 3617 1531 3697 prosiluere
1571 3618 1743 3694 genis.

294 3703 390 3778 Sic
429 3720 616 3783 nutrix
658 3720 907 3793 dulcem,
964 3739 1099 3779 casu
1132 3720 1230 3796 qui
1272 3720 1481 3779 decidit
1522 3719 1684 3793 ulnis,

452 3820 729 3900 Deplorat
766 3838 1034 3903 puerum,-
1083 3820 1463 3898 &luceatque
1509 3839 1711 3883 comas.

294 3923 388 3983 Sic
428 3921 655 3983 missum
695 3923 887 4005 spousi
928 3924 1135 3983 tiu-tivo
1176 3941 1406 3985 munem
1444 3922 1648 3983 malum

447 4022 625 4084 Forte
664 4025 816 4085 cadit
855 4025 1285 4171 easto·virgini.s
1322 4043 1357 4084 e
1399 4022 1631 4102 granio,

51 4277 233 4330 cultum
263 4280 314 4328 et
345 4273 586 4329 amictum
617 4289 764 4328 suum
797 4278 1108 4344 componant
1131 4268 1465 4328 mulierculae
1493 4270 1864 4356 elegantiarum
1897 4269 2248 4327 studiosiores.

53 4344 213 4414 Vulgo
245 4343 372 4398 hanc
397 4342 682 4414 {maginem
713 4343 1004 4414 appellant·
1059 4342 1143 4397 die
1176 4343 1370 4401 achone
1406 4340 1685 4401 wiennensi.
