2725 4859
2165 328 2274 422 49⁷

608 669 615 673 ,
1059 599 1254 686 VI.
1575 640 1584 655 ,
2205 638 2214 647 ·

96 744 320 838 DE
439 746 1229 844 SCHOLIS
1339 738 2252 865 PUBLICIS,

326 905 583 971 emo
612 904 909 971 sncuu
934 903 1132 1021 urm
1161 902 1864 972 Accolfflonffls
1891 906 1978 994 *).

241 1152 602 1223 Mutantur
641 1162 986 1247 tempora,
1039 1139 1380 1222 mutantur
1431 1152 1616 1223 annis
1653 1140 2060 1247 labentibus,
2115 1152 2270 1229 diu'-
2290 1174 2336 1240 3

38 1258 355 1326 turnitute
380 1258 740 1351 tempori3‚
791 1281 936 1345 res,
987 1256 1311 1343 instituta,
1356 1278 1578 1324 mores
1603 1255 1969 1329 hominum.
2073 1262 2271 1349 Quae

39 1361 103 1427 in
129 1361 401 1429 deliciis
441 1363 710 1430 fuerunt
731 1349 1069 1453 patribus,
1123 1381 1299 1455 quse
1342 1358 1812 1431 concelebrata
1840 1364 2273 1454 quotidianis-

43 1486 169 1555 que
196 1464 629 1534 sermonibus
654 1473 972 1557 usurpata
997 1464 1357 1532 maioribus
1385 1461 1659 1546 nostris,
1699 1476 2162 1557 posterorum,
2199 1460 2271 1536 id

43 1580 169 1655 est,
226 1576 463 1636 nostra
507 1575 762 1653 aetate,
816 1567 1082 1659 penitus
1126 1567 1259 1634 iam
1315 1556 1726 1654 effluet-unt,
1781 1570 2087 1659 sordent,
2144 1571 2269 1641 situ

43 1682 105 1738 et
131 1671 484 1739 oblivione
519 1671 785 1762 sepulta
808 1671 1044 1739 iacent.
1138 1669 1353 1737 Porro
1381 1680 1607 1736 nutem
1633 1693 1808 1759 quae
1833 1683 2060 1743 nostra
2089 1685 2270 1744 aetas

40 1774 280 1843 mirum
320 1773 391 1840 in
420 1772 699 1841 modum
745 1772 935 1859 colit,
986 1772 1250 1859 laudnt,
1301 1772 1370 1839 in
1409 1771 1554 1839 sinu
1592 1770 1780 1841 fo'vet
1818 1783 1886 1843 et
1923 1772 2271 1867 a‘mplexa‘-

40 1886 177 1964 tur,
236 1900 324 1945 ea
351 1874 832 1967 proculdubio
870 1875 1364 1968 vilipendantur
1392 1896 1434 1940 a
1460 1873 1646 1961 filiis,
1698 1878 2014 1965 squalore
2057 1878 2274 1977 obsita

40 1988 104 2048 et
150 1980 427 2048 exoleta
465 1978 853 2047 abiicientur
888 2002 931 2048 a
969 1972 1325 2069 nepotibus
1361 1976 1616 2044 nostris,
1719 1979 1835 2047 Sic
1872 1978 2007 2048 fert
2049 1970 2275 2049 reruni

41 2082 345 2172 quotidie
383 2081 850 2153 intereuntiu‘m
875 2090 945 2150 et
983 2080 1420 2150 exorientium
1446 2079 1865 2170 vicissitudo,
1919 2084 2013 2153 sic
2055 2107 2272 2167 anno-

38 2208 183 2255 rum
211 2186 427 2257 series
455 2195 520 2254 et
546 2180 852 2257 volubilis
877 2182 1068 2253 ordo.
2243 2188 2256 2201 '

302 2319 491 2381 Multa
537 2326 928 2395 renascentur,
964 2318 1131 2398 'quae
1171 2321 1282 2381 iam
1332 2320 1615 2396 cecidere3
1668 2323 2005 2402 cadentque,
2073 2330 2082 2337 “

317 2405 487 2475 Quae
525 2426 676 2465 nunc
723 2411 856 2467 sunt
910 2406 968 2467 in
1008 2404 1237 2466 honore.

38 2526 323 2597 Habent
346 2526 687 2597 literarum
724 2550 999 2619 quoque
1024 2524 1242 2597 studia
1278 2535 1348 2595 et
1373 2526 1598 2596 variae
1623 2525 2077 2598 doctrinarum
2104 2541 2274 2621 pro-

39 2631 369 2701 fessiones
394 2631 631 2699 orbem
658 2653 853 2700 suum
867 2681 889 2720 ‚
933 2653 1070 2721 quo
1098 2632 1505 2699 circumacto
1522 2679 1545 2716 ‚
1588 2653 1764 2719 quae
1787 2631 2276 2723 impensissime

36 2733 265 2803 studio
291 2734 774 2803 excolebantur
803 2743 871 2803 et
894 2734 1415 2803 addiscebantur
1438 2731 1708 2800 fervore
1734 2754 1997 2801 summo
2013 2782 2034 2819 ,
2097 2756 2277 2824 pauf-

41 2836 229 2906 latim
291 2836 743 2929 refrigescere
794 2836 1027 2927 {rideas
1043 2887 1065 2923 ,
1140 2844 1210 2903 et
1264 2860 1307 2905 a
1358 2834 1596 2927 paucis
1647 2843 1904 2905 tantum
1949 2836 2279 2925 temporis

40 2940 181 3007 acti
240 2938 704 3008 laudatoribus·
769 2941 880 3008 vel
949 2938 1400 3009 evanescentis
1460 2937 1798 3006 vetustatis
1846 2937 2280 3025 amatoribus,

42 3040 438 3112 desiderari.
555 3044 779 3133 Atque
801 3044 883 3111 in
923 3042 1061 3110 hoc
1096 3043 1284 3134 ipso,
1353 3040 1422 3108 ni
1461 3039 1784 3127 fallimur,
1840 3041 2127 3110 cernitur
2171 3064 2280 3123 se:-

44 3145 217 3232 culi,
272 3166 482 3236 quem
505 3155 786 3229 vocant,
838 3145 1113 3238 genius,
1168 3166 1373 3235 quem
1397 3145 1468 3211 in
1491 3142 1839 3213 hominum
1875 3145 2004 3215 alia
2029 3145 2279 3237 cupide

47 3246 612 3334 consectantium,
696 3248 831 3316 alia
879 3246 1173 3339 superbe
1223 3246 1700 3315 fastidientium
1764 3248 1935 3315 mira
1982 3238 2280 3337 quadani

46 3350 489 3420 consensione
515 3359 582 3418 et
609 3352 1099 3442 conspiratione
1120 3350 1415 3443 positum
1443 3372 1591 3418 esse
1607 3399 1628 3437 ,
1668 3357 1855 3438 sunt,
1895 3350 2010 3440 qui
2036 3350 2280 3419 ‹licant-

48 3453 199 3522 lam
234 3475 403 3521 vero
441 3453 643 3522 facile
680 3453 1105 3546 intelligitur,
1174 3474 1313 3531 non
1351 3452 1570 3521 solum
1610 3451 1967 3545 diligenter
1989 3453 2282 3525 animum

46 3556 579 3642 advertendum,
646 3556 772 3625 sed
817 3555 1114 3625 dandum
1134 3555 1361 3625 «etiam
1397 3578 1545 3623 esse
1587 3554 1842 3645 aliquid
1866 3554 2025 3623 huic
2050 3557 2281 3643 seculi,

45 3659 119 3726 in
143 3680 288 3750 quo
316 3658 595 3727 vivimus
619 3708 639 3745 ‚
694 3658 903 3751 genio
921 3711 943 3746 ‚
997 3667 1067 3727 et
1094 3657 1692 3727 obsecundandum
1716 3658 1784 3725 in
1811 3657 1967 3725 loco
1985 3706 2006 3742 ‚
2061 3678 2281 3747 quan:-

47 3769 193 3831 tum
218 3761 366 3831 eius
386 3810 407 3847 ‚
461 3761 647 3831 salvo
673 3760 926 3828 virtutis
955 3769 1023 3829 et
1046 3760 1312 3830 honesti
1342 3759 1565 3830 studio
1584 3811 1603 3839 ‚
1655 3783 1698 3828 a
1721 3759 1914 3829 nobis
1940 3758 2090 3826 fieri
2113 3780 2283 3850 pos-

48 3864 151 3933 sit.
252 3863 600 3933 Fecerunt
634 3862 773 3932 hoc
810 3864 997 3933 omni
1037 3871 1257 3933 aetate
1297 3872 1368 3932 et
1403 3862 1731 3931 memoria
1773 3860 1896 3929 viri
1933 3860 2285 3953 sapienfis-

282 4080 499 4150 Scripta
534 4085 617 4134 est
648 4078 780 4135 haec
817 4077 1113 4141 dissertatio
1146 4094 1181 4133 a
1198 4078 1488 4146 Buttigero
1519 4076 1722 4130 nomine
1757 4075 1996 4132 Comulis
2030 4084 2085 4133 et
2112 4079 2283 4137 Sena-

50 4154 137 4202 tus
288 4149 435 4203 itatis
471 4149 804 4203 Budissensis
856 4150 934 4219 (d.
984 4148 1082 4201 ΠΙ.
1131 4165 1193 4202 m.
1242 4146 1377 4200 Iunii
1413 4144 1808 4215 MDCCXC.)‚>
1832 4164 1937 4217 qua
1969 4165 2150 4203 munus
2195 4165 2284 4203 re-

52 4224 289 4271 aarum
322 4218 423 4271 sibi
454 4218 752 4271 dernanduti
785 4218 888 4271 rite
933 4216 1301 4286 auspicandum
1333 4215 1605 4271 indicaret.
1689 4214 1999 4286 Quicunque
2031 4218 2118 4271 vel
2151 4218 2287 4272 levi-

51 4291 137 4338 ter
168 4286 306 4340 hunc
342 4287 571 4341 libellum
619 4286 934 4357 inspexerit,
970 4284 1231 4354 Bottigeri
1252 4283 1537 4353 ‚ingenium
1585 4288 1640 4339 et
1686 4284 1856 4338 stilum
1892 4292 2150 4354 agnoscat
2193 4303 2287 4339 ne-

53 4371 204 4408 cesse
247 4362 357 4421 est,
408 4373 582 4426 neque
624 4354 954 4425 peroratione
971 4394 986 4419 ‚
1049 4368 1185 4438 quae
1230 4353 1385 4406 aliter
1428 4353 1585 4406 scribi
1632 4370 1733 4407 non
1769 4355 1971 4423 potuit,
2023 4354 2157 4407 bunc
2191 4352 2289 4405 sibi

49 4424 433 4492 pem-domn
474 4424 606 4495 eripi
638 4424 883 4496 patietur.
956 4425 1171 4477 Edatur.
1275 4444 1281 4451 ·
1909 4494 1958 4560 Ἰ
