2725 4859
660 324 951 375 omum
990 326 1387 375 unu-rmum
1429 327 1726 377 misou-
2199 312 2300 383 91

90 463 162 535 Ζ.
200 459 611 533 125—37.
649 455 1010 558 Κρατερὸς
1062 456 1195 558 γὰρ
1236 463 1344 558 ἔχε
1395 456 1663 558 τρόμος
1715 457 1979 559 ἀνδρός
2019 459 2308 564 ὁμοκλῇ.

91 567 538 637 Succurrebat
590 566 818 636 forsan
860 590 946 637 ex
997 567 1241 637 eodem
1278 578 1487 660 poeta
1537 568 1726 639 Iliad
1784 572 1871 641 Φ.
1899 568 2162 640 490-
2182 571 2307 647 93.

86 671 286 741 nima
324 693 494 741 arcu
532 696 577 741 a
620 671 874 740 lunone
925 671 1105 739 circa
1144 694 1337 740 aures
1383 672 1740 741 verberata
1788 674 1858 741 in
1894 673 2158 744 famosa
2191 676 2308 747 illa

84 775 451 869 ἣομαχίᾳ,
504 775 822 843 subibant
844 775 975 842 alia
998 774 1395 867 complura
1375 798 1444 844 m
1465 776 1774 868 pompis,
1810 778 2078 866 statuis,
2132 778 2303 849 ima-

84 877 338 968 ginibus
362 887 898 970 repraesentata.
1000 877 1233 947 Unum
1273 878 1526 948 addam
1552 880 1938 971 exemplum
1979 902 2063 951 ex
2089 904 2171 951 ea
2195 883 2307 951 fa·-

83 979 265 1068 bula,
318 1004 507 1072 quae
527 980 727 1051 Pacis
751 1003 995 1049 nomen
1006 980 1341 1102 praefert.
1419 981 1780 1083 'stygaeus
1804 983 1930 1071 ibi,
1971 1007 2126 1053 cum
2151 1008 2305 1055 sca-

80 1083 319 1154 abaco
361 1093 599 1154 vectus
637 1082 1023 1153 evolasset
1004 1107 1071 1151 m
1112 1085 1416 1171 coelum,
1467 1086 1833 1154 sciscitatur
1869 1110 1912 1155 a
1934 1085 2304 1180 Mercurio,

81 1208 273 1276 quen
300 1188 533 1257 solum
558 1186 885 1259 offendit
867 1210 935 1255 ιιι
950 1188 1120 1256 atrio
1144 1187 1345 1274 lovis,
1372 1210 1599 1257 causus
1621 1188 2054 1280 profectionis
2075 1189 2304 1263 deum.

81 1289 478 1383 {Dependet
530 1290 816 1361 deorum
867 1290 1438 1378 officiosissimus,
1480 1292 1962 1385 commigrasse
2012 1293 2305 1367 deosru
2234 1295 2252 1313 “

82 1393 243 1463 coeli
266 1394 609 1465 fornicem
634 1392 1042 1485 altissimum,
1079 1393 1194 1465 ubi
1219 1393 1482 1487 proelia
1507 1417 1785 1465 cernere
1812 1405 1881 1465 et
1906 1416 2106 1467 voces
2134 1419 2304 1491 sup-

79 1496 475 1586 picantium
496 1496 825 1567 exaud'ue
873 1519 1008 1586 non
1060 1505 1372 1589 possent,
1436 1520 1500 1565 v.
1544 1497 1900 1573 207—9.
2016 1496 2305 1575 Minime

79 1596 239 1671 haec
260 1596 699 1671 concordant
720 1622 873 1669 cum
898 1599 1303 1693 purioribus,
1355 1623 1524 1689 quas
1549 1601 1866 1672 Socrates
1889 1603 2022 1671 iam
2049 1602 2140 1675 de
2166 1604 2303 1675 deo

80 1722 565 1794 usquequaque
602 1704 796 1773 nobis
836 1703 1241 1773 circumfuso
1278 1703 1523 1795 aliique
1555 1704 2023 1797 Aristophanis
2048 1730 2305 1796 aequa-

78 1805 170 1875 hs
190 1807 327 1877 sibi
344 1807 911 1894 informaverant,
959 1806 1358 1879 notionibus.
1464 1804 1609 1876 Sed
1641 1810 2016 1902 cogitemus
2041 1809 2306 1879 Aristo·

79 1907 281 2031 phuni
305 1932 463 1981 rem
490 1910 697 1979 fuisse
717 1909 1087 2003 praecipue
1112 1932 1269 1979 cum
1296 1910 1509 1978 viliori
1533 1910 1932 2002 plebecula,
1970 1908 2174 2001 quam
2199 1911 2307 1983 his
2369 1982 2376 1991 ,

80 2011 235 2082 iocis
253 2014 540 2083 minime
566 2012 897 2082 offemam
924 2035 1072 2081 esse
1089 2062 1115 2100 ,
1165 2012 1492 2081 credibile
1517 2022 1640 2083 est.
1711 2015 1827 2084 Sic
1854 2015 2159 2109 fingebat
2182 2016 2307 2085 sibi

80 2112 241 2187 deos
273 2138 459 2186 suot
563 2116 907 2203 Quorsum
958 2116 1133 2184 enim
1174 2116 1328 2219 illae
1368 2107 1760 2241 ἐπιφάνειαι
1813 2118 2097 2187 deorum
2136 2120 2306 2191 dea·-

78 2240 365 2310 mque
392 2219 843 2310 praesentium
859 2268 881 2306 ,
923 2241 1246 2309 quorsum
1269 2219 1424 2287 festi
1451 2219 1596 2290 dies
1611 2210 1988 2315 Ἐπιὸήμια
2023 2232 2092 2290 et
2110 2214 2300 2294 Ἀπο-
2317 2231 2406 2298 40

78 2314 291 2415 δήμια
332 2321 535 2408 dicti,
575 2345 895 2412 quorsum
920 2320 1181 2413 hymni
1181 2331 1257 2392 et
1273 2315 1664 2415 προσόδια
1647 2346 1712 2392 m
1738 2325 2100 2397 adrentum
2127 2325 2301 2395 deo-

79 2448 225 2497 rum
268 2427 669 2512 decantata„
720 2447 1042 2515 quorsum
1081 2425 1360 2493 ridicula
1402 2427 1515 2494 illa
1541 2419 1995 2516 consuetudo,
2045 2429 2308 2522 templa

79 2538 425 2601 etstatuas
444 2528 733 2599 deorum
753 2528 1023 2597 funibus
1047 2529 1572 2622 constringendi,
1621 2530 1715 2619 (v.
1744 2532 2076 2603 Herodot.
2099 2533 2156 2621 l,
2175 2532 2305 2602 27.

80 2641 147 2699 et
163 2631 586 2703 Freinshem.
613 2631 705 2700 ad
731 2630 916 2701 Curt.
942 2630 1059 2719 lv,
1089 2629 1155 2701 3.
1182 2629 1335 2723 22.)
1362 2655 1680 2721 quorsum
1709 2637 2095 2726 persuasio,
2141 2636 2308 2705 deos

84 2757 163 2805 ex
198 2736 485 2805 urbibus
525 2735 740 2826 captis
780 2734 1115 2824 emigrare
1167 2734 1261 2825 (V.
1300 2735 1619 2826 Aeschyl.
1657 2736 1728 2805 S.
1778 2759 1836 2806 c.
1864 2738 2092 2810 Theb.
2132 2735 2304 2809 219.

83 2839 456 2908 etSchutz.
500 2838 593 2907 ad
630 2839 817 2907 illum
856 2838 901 2905 1.
925 2837 1153 2928 Heyu.
1194 2836 1285 2904 ad
1311 2837 1549 2930 virgil.
1575 2837 1658 2906 11.
1696 2839 1865 2908 Aen.
1897 2837 2067 2907 351.
2099 2850 2167 2908 et
2194 2840 2308 2929 qui

89 2940 184 3010 de
206 2939 738 3011 evocationibus
763 2940 1072 3009 deorum
1093 2942 1524 3032 scripserunt,
1569 2939 2028 3010 Schwarzium
2046 2993 2068 3031 ‚
2108 2942 2310 3013 Leis-

84 3066 359 3131 uerum,
393 3045 613 3136 alios),
656 3064 1011 3134 quorsum,
1049 3044 1356 3133 inquam,
1395 3041 1570 3113 haec
1609 3047 1866 3131 omnia,
1919 3047 2041 3116 nisi
2079 3045 2308 3138 opinio

87 3147 233 3235 illa,
270 3148 447 3217 deos
470 3148 668 3217 certis
692 3146 1008 3215 limitibus
1052 3146 1588 3239 circumscriptos
1613 3148 1683 3216 iu
1707 3171 1843 3218 uno
1868 3157 2124 3219 tantum
2151 3150 2307 3220 loco

90 3251 525 3338 commorari,
572 3273 741 3333 nec,
791 3272 969 3339 quae
995 3248 1153 3318 alibi
1176 3258 1506 3319 terrarum
1544 3262 1896 3344 gerantur,
1949 3254 2309 3346 percipere
2423 3334 2434 3341 ,

90 3375 327 3444 posse,
376 3354 672 3429 omnium
697 3364 841 3422 tum
866 3352 1132 3444 penitus
1160 3354 1565 3444 pervasisset
1588 3355 1891 3425 animos?
1939 3356 2100 3426 Hoc
2126 3365 2310 3429 certe

91 3479 237 3529 cum
261 3479 355 3526 ex
373 3457 450 3526 iis
478 3457 835 3548 exempliS,
878 3478 1054 3545 quae
1082 3479 1303 3547 pauca
1329 3455 1696 3526 admodum
1727 3482 1811 3528 ex
1833 3459 2158 3528 immensa
2187 3481 2310 3527 co·-

91 3560 203 3648 pia
224 3558 343 3631 hic
366 3561 677 3653 proferre
703 3560 904 3645 licuit,
944 3567 1084 3627 tum
1116 3582 1199 3628 ex
1226 3560 1774 3631 antecedentibus
1800 3563 2056 3650 liquido
2085 3583 2311 3653 appa-

92 3684 233 3733 rere
272 3665 598 3750 arbitror,
650 3662 837 3749 loca,
888 3663 955 3729 iu
984 3662 1224 3752 quibus
1263 3663 1473 3753 impie
1497 3663 1566 3731 in
1605 3663 1769 3733 deos
1795 3665 2028 3732 lusisse
2068 3663 2312 3731 dicitur

97 3763 443 3854 Comicus,
503 3767 795 3858 plurima
830 3764 965 3833 hac
1004 3766 1386 3857 explicandi
1432 3768 1690 3834 ratione
1732 3767 2020 3858 mitigari
2048 3776 2117 3835 et
2140 3765 2312 3833 invi-

94 3867 263 3938 diam
291 3878 539 3963 poetae
562 3868 700 3937 hoc
725 3868 997 3938 nomine
1036 3869 1394 3938 conflatam
1421 3870 1702 3937 multum
1739 3870 1945 3936 levari
1970 3892 2206 3962 posse,
2245 3878 2317 3937 et
2369 3902 2375 3909 ·

94 3971 157 4040 iu
178 3974 563 4043 universum
601 3995 766 4041 vera
790 3994 970 4059 esse,
1023 3995 1197 4061 quae
1222 3973 1569 4065 posuimus
1612 3973 1701 4040 ab
1743 3972 1961 4056 initio,
2013 3974 2313 4061 alteram,

98 4098 376 4168 eamque
402 4077 692 4147 maxime
716 4075 1033 4145 idoneam
1055 4098 1325 4143 causam
1351 4074 1782 4146 dicteriomm
1806 4076 2218 4146 comicorum
2245 4077 2317 4144 in

101 4176 257 4248 deos
280 4179 464 4249 cerni
488 4180 559 4249 iu
578 4179 959 4249 inveteratis
997 4178 1086 4248 de
1111 4178 1397 4261 deorum
1433 4179 1500 4248 vi
1527 4188 1598 4249 et
1617 4189 1854 4253 natura
1878 4180 2066 4276 apud
2088 4178 2315 4251 homi·

101 4303 207 4351 nes
229 4284 404 4353 illius
431 4284 664 4352 aetatis
704 4281 1148 4375 opinionibus.

366 4456 405 4485 Ι
