2725 4859
1352 61 1662 104 .......

52 499 55 566 s

52 729 55 778 ¹
573 753 705 814 nn
760 751 1686 814 rumpam-amona
1721 841 1730 850 ι

137 873 1093 970 EPISTOLARUM
1162 879 1931 976 CICERONIS
2002 880 2195 969 AD

772 1013 1477 1103 DIVERSOS

381 1165 500 1231 ar
550 1167 672 1232 ms:
722 1165 1207 1231 Luc'rlonn
1258 1161 1743 1232 s'rA'rAmA
1782 1164 1867 1252 *).
1921 1145 1940 1169 “

94 1471 218 1583 Est
234 1514 381 1586 haec
402 1519 809 1613 pervulgata
837 1529 907 1589 et
933 1518 1316 1590 doctissimo
1338 1521 1581 1611 cuique
1606 1523 1924 1612 usurpata
1953 1540 2239 1588 consue-

100 1618 245 1706 tudo,
295 1631 389 1706 ut,
440 1625 552 1714 qui
578 1625 897 1715 publicae
925 1622 1198 1692 scholae
1225 1625 1501 1692 alicuius
1537 1624 1881 1717 regendae
1909 1633 1979 1691 et
2003 1624 2238 1690 iuven-

100 1721 212 1789 tutis
251 1721 310 1790 in
355 1725 466 1813 iis,
516 1749 696 1815 quae
753 1726 843 1794 ab
884 1726 1297 1796 humanitate
1356 1749 1605 1795 nomen
1655 1726 1941 1811 habent,
2010 1725 2241 1793 litteris

94 1823 424 1895 erudiendae
482 1838 889 1921 potestatem
929 1830 1060 1897 sint
1102 1829 1530 1919 consequuti,
1595 1828 1778 1895 edito
1832 1828 2057 1916 aliquo
2112 1826 2242 1893 do-

96 1925 283 1995 ctrinae
313 1933 669 2021 specimine
710 1933 885 2000 vires
923 1932 1174 2023 ingenii
1211 1931 1670 2024 periclitentur
1693 1938 1762 1998 et
1783 1930 1896 2016 iis,
1952 1951 2242 2019 quorum

94 2028 294 2116 prolixa
328 2035 664 2102 voluntate
697 2035 953 2102 factum
994 2045 1128 2121 est,
1195 2045 1268 2103 ut
1303 2034 1436 2101 hac
1461 2032 1805 2125 provincia
1832 2043 2241 2119 ornarentur,

94 2129 318 2201 studium
339 2136 840 2230 et'diligentiam
874 2137 1307 2206 testificentur
1332 2159 1541 2206 suam.
1649 2134 1826 2204 Cum
1848 2136 2053 2228 igitur
2072 2134 2242 2204 mihi

94 2237 439 2308 occasionem
464 2241 796 2309 eiusmodi
821 2240 1120 2310 oblatam
1147 2263 1292 2308 esse
1317 2239 1652 2325 viderem,
1703 2238 1888 2307 nolui
1929 2239 2242 2307 commit-

93 2340 222 2424 tere,
272 2349 367 2428 ut,
429 2342 620 2433 quod
655 2343 1147 2436 sapientissimis
1187 2342 1472 2412 consiliis
1514 2365 1558 2410 a
1599 2342 1959 2409 maioribus
2000 2341 2240 2410 nostris

92 2433 383 2511 institutum
418 2454 485 2514 et
526 2446 721 2537 quasi
761 2469 890 2538 per
929 2468 1162 2514 manus
1203 2443 1522 2514 traditum
1566 2453 1742 2513 esset
1784 2443 2122 2532 officium,
2173 2443 2242 2511 in

91 2560 151 2606 0⁰
179 2547 566 2636 exsequendo
610 2547 954 2641 diligentia
980 2548 1470 2617 desideraretur
1494 2569 1665 2615 mea.
1769 2545 2055 2634 Fateor,
2107 2568 2241 2634 me,

94 2661 207 2711 mm
224 2649 485 2736 primum
511 2651 607 2719 ad
643 2651 1073 2720 scribendum
1100 2651 1514 2743 appulissem
1538 2650 1831 2718 animum
1848 2700 1868 2734 ,
1920 2648 2242 2737 quidnam

87 2747 429 2832 potissimum
479 2754 644 2823 huic
697 2753 1040 2846 scriptioni
1103 2753 1478 2846 deligerem
1542 2759 2047 2843 argumentum,
2127 2748 2244 2819 diu

84 2843 565 2925 fluctuabundum
591 2856 992 2945 haesitasse,
1046 2857 1201 2924 etin
1225 2855 1512 2948 ingenti,
1553 2875 1731 2943 quae
1754 2875 2244 2943 usquequaque

88 2948 263 3019 animo
296 2980 435 3028 meo
472 2962 981 3045 obversaretur,
1042 2981 1270 3032 rerum
1298 2958 1388 3026 ad
1428 2957 1564 3025 hoc
1606 2957 1974 3025 litterarum
2026 2977 2242 3048 genus

85 3060 453 3140 spectantium
480 3063 684 3154 copia
708 3062 871 3129 mihi
894 3062 1075 3130 idem
1101 3062 1246 3130 fere
1271 3082 1399 3130 usu
1424 3060 1718 3147 venisse,
1771 3059 1959 3148 quod
1986 3060 2242 3127 suavis-

86 3152 214 3222 sima
253 3182 390 3230 cum
438 3165 775 3257 lignatore
821 3165 890 3232 in
943 3165 1106 3232 silva
1159 3163 1545 3232 densissima
1595 3163 1871 3232 arbores
1913 3162 2244 3231 caedente

86 3267 519 3351 comparatione
560 3289 751 3354 usuS,
817 3266 887 3333 in
927 3266 1301 3335 Ptolemaei
1339 3266 1520 3357 regis
1559 3265 1867 3333 encomio
1919 3264 2244 3333 accidisse

84 3355 178 3425 sibi
207 3371 459 3437 testatur
501 3379 708 3461 poeta
749 3368 1012 3437 Siculus
1040 3370 1158 3460 **)
1198 3377 1275 3436 ut
1312 3369 1759 3436 exclamarem

345 3485 402 3547 τί
438 3483 679 3568 πρᾶτοιῦ
713 3484 1042 3562 καταλέξως
1089 3482 1218 3548 ἐπεὶ
1258 3479 1430 3567 πάρα
1466 3479 1655 3566 μυρία
1701 3484 1922 3569 elusim

84 3573 219 3648 Nam
256 3608 397 3657 cum
423 3613 658 3659 eorum
687 3589 971 3681 vestigia
996 3589 1652 3682 circumspexissem,
1701 3590 1820 3679 qui
1854 3586 2095 3655 iisdem
2131 3607 2245 3654 ra-

86 3677 314 3759 tionibus
352 3692 602 3760 inducti
628 3692 716 3760 ad
743 3690 1175 3761 scribendum
1200 3694 1669 3778 accessissent,
1719 3690 2071 3774 videbam,
2122 3709 2245 3756 va-

85 3780 156 3848 tia
185 3789 290 3858 sibi
324 3816 435 3863 eos
475 3795 567 3863 ad
592 3794 770 3863 hanc
794 3817 938 3864 rem
968 3794 1251 3886 elegisse
1276 3802 1676 3888 argumenta
1692 3843 1714 3881 ,
1762 3793 1831 3859 in
1856 3792 2099 3881 quibus
2126 3813 2246 3859 ex-

52 3873 57 3992 ξ
85 3884 351 3971 Ρῑὶωυᾶίε
386 3899 669 3967 multum
714 3897 914 3966 etiam
952 3896 1124 3966 inter
1163 3920 1238 3965 se
1264 3896 1671 3988 discrepent.
1774 3892 2247 3964 Occursabant

52 3995 55 4042 ῑ
86 3987 254 4061 ²nimo
277 3999 705 4070 celeberrima
728 4002 1020 4070 virorum
1048 4000 1327 4094 egregie
1351 3999 1571 4069 de‘his
1595 3998 1829 4068 litteris
1855 3997 2244 4067 meritorum

52 4119 55 4144 ι
88 4107 437 4138 Ἂ-

52 4223 53 4244 }
182 4174 226 4240 Ἴ
254 4176 450 4234 Prodiit
480 4179 613 4236 haec
648 4181 875 4253 prolusio
908 4181 1122 4253 Lipsiae
1154 4195 1217 4235 a:
1243 4181 1395 4240 1785,
1432 4182 1502 4234 ad
1536 4180 1905 4252 auspicandum
1940 4195 2122 4232 munus
2156 4194 2242 4230 re·-

91 4241 270 4298 Qntm
300 4249 634 4306 Gubenensis.

52 4323 55 4366 z
188 4329 250 4398 ⁸)
280 4331 541 4390 morit.
582 4335 709 4389 Em.
745 4334 916 4393 xvn.
958 4337 1039 4388 11.
1889 4402 1930 4464 1
1978 4412 1993 4426 .
