<?xml version="1.0" encoding="UTF-8"?>
<!DOCTYPE html PUBLIC "-//W3C//DTD XHTML 1.0 Transitional//EN"
    "http://www.w3.org/TR/xhtml1/DTD/xhtml1-transitional.dtd">
<html xmlns="http://www.w3.org/1999/xhtml" xml:lang="en" lang="en">
 <head>
  <title>
</title>
<meta http-equiv="Content-Type" content="text/html;charset=utf-8" />
  <meta name='ocr-system' content='tesseract 3.04.00' />
  <meta name='ocr-capabilities' content='ocr_page ocr_carea ocr_par ocr_line ocrx_word'/>
</head>
<body>
  <div class='ocr_page' id='page_1' title='image "./caboettigeri00unkngoog_0103.png"; bbox 0 0 2725 4859; ppageno 0'>
   <div class='ocr_carea' id='block_1_1' title="bbox 434 310 1772 385">
    <p class='ocr_par' dir='ltr' id='par_1_1' title="bbox 434 310 1772 385">
     <span class='ocr_line' id='line_1_1' title="bbox 434 310 1772 385; baseline -0.004 -3"><span class='ocrx_word' id='word_1_1' title='bbox 434 310 587 385; x_wconf 83' lang='lat'><strong>100</strong></span> <span class='ocrx_word' id='word_1_2' title='bbox 1356 330 1450 381; x_wconf 73' lang='lat' dir='ltr'><strong>nn</strong></span> <span class='ocrx_word' id='word_1_3' title='bbox 1488 330 1772 381; x_wconf 70' lang='lat' dir='ltr'><strong>senous</strong></span> 
     </span>
    </p>
   </div>
   <div class='ocr_carea' id='block_1_2' title="bbox 379 464 2716 4269">
    <p class='ocr_par' dir='ltr' id='par_1_2' title="bbox 435 464 2716 1279">
     <span class='ocr_line' id='line_1_2' title="bbox 435 464 2680 567; baseline -0.002 -24"><span class='ocrx_word' id='word_1_4' title='bbox 435 468 839 567; x_wconf 70' lang='lat' dir='ltr'><strong>antiquitatis</strong></span> <span class='ocrx_word' id='word_1_5' title='bbox 890 466 1163 537; x_wconf 86' lang='lat' dir='ltr'><strong>nimium</strong></span> <span class='ocrx_word' id='word_1_6' title='bbox 1216 476 1485 543; x_wconf 75' lang='lat' dir='ltr'><strong>tenaces</strong></span> <span class='ocrx_word' id='word_1_7' title='bbox 1545 468 1771 541; x_wconf 78' lang='lat' dir='ltr'><strong>omnia</strong></span> <span class='ocrx_word' id='word_1_8' title='bbox 1818 464 1934 536; x_wconf 75' lang='lat' dir='ltr'><strong>ad</strong></span> <span class='ocrx_word' id='word_1_9' title='bbox 1967 466 2150 537; x_wconf 73' lang='lat' dir='ltr'><strong>illam</strong></span> <span class='ocrx_word' id='word_1_10' title='bbox 2183 476 2476 559; x_wconf 82' lang='grc' dir='ltr'>ιιιιιιιιιιι,</span> <span class='ocrx_word' id='word_1_11' title='bbox 2521 479 2680 539; x_wconf 77' lang='lat' dir='ltr'><strong>tan-</strong></span> 
     </span>
     <span class='ocr_line' id='line_1_3' title="bbox 438 556 2686 667; baseline -0 -24"><span class='ocrx_word' id='word_1_12' title='bbox 438 598 643 666; x_wconf 87' lang='lat' dir='ltr'><strong>quam</strong></span> <span class='ocrx_word' id='word_1_13' title='bbox 669 573 759 641; x_wconf 86' lang='lat' dir='ltr'><strong>ad</strong></span> <span class='ocrx_word' id='word_1_14' title='bbox 781 573 1093 643; x_wconf 82' lang='lat' dir='ltr'><strong>amussim</strong></span> <span class='ocrx_word' id='word_1_15' title='bbox 1109 622 1131 659; x_wconf 88' lang='lat'>‚</span> <span class='ocrx_word' id='word_1_16' title='bbox 1185 556 1564 667; x_wconf 66' lang='lat' dir='ltr'><strong>efigmixm,</strong></span> <span class='ocrx_word' id='word_1_17' title='bbox 1620 582 1687 639; x_wconf 90' lang='lat' dir='ltr'><strong>et</strong></span> <span class='ocrx_word' id='word_1_18' title='bbox 1727 593 2139 660; x_wconf 86' lang='lat' dir='ltr'><strong>quamquam</strong></span> <span class='ocrx_word' id='word_1_19' title='bbox 2164 571 2278 641; x_wconf 85' lang='lat' dir='ltr'><strong>hic</strong></span> <span class='ocrx_word' id='word_1_20' title='bbox 2305 573 2447 642; x_wconf 86' lang='lat' dir='ltr'><strong>dies</strong></span> <span class='ocrx_word' id='word_1_21' title='bbox 2473 575 2686 642; x_wconf 87' lang='lat' dir='ltr'><strong>aliam</strong></span> 
     </span>
     <span class='ocr_line' id='line_1_4' title="bbox 441 672 2686 771; baseline -0.002 -22"><span class='ocrx_word' id='word_1_22' title='bbox 441 677 895 771; x_wconf 85' lang='lat' dir='ltr'><strong>disciplinam,</strong></span> <span class='ocrx_word' id='word_1_23' title='bbox 962 676 1163 743; x_wconf 90' lang='lat' dir='ltr'><strong>alium</strong></span> <span class='ocrx_word' id='word_1_24' title='bbox 1204 672 1655 753; x_wconf 75' lang='lat' dir='ltr'><strong>doctrinarum</strong></span> <span class='ocrx_word' id='word_1_25' title='bbox 1701 675 2024 747; x_wconf 86' lang='lat' dir='ltr'><strong>ambitum</strong></span> <span class='ocrx_word' id='word_1_26' title='bbox 2052 676 2382 767; x_wconf 85' lang='lat' dir='ltr'><strong>postulat,</strong></span> <span class='ocrx_word' id='word_1_27' title='bbox 2433 678 2547 745; x_wconf 76' lang='lat' dir='ltr'><strong>vel</strong></span> <span class='ocrx_word' id='word_1_28' title='bbox 2571 678 2686 744; x_wconf 78' lang='lat' dir='ltr'><strong>la-</strong></span> 
     </span>
     <span class='ocr_line' id='line_1_5' title="bbox 438 769 2716 873; baseline -0 -24"><span class='ocrx_word' id='word_1_29' title='bbox 438 792 581 853; x_wconf 81' lang='lat' dir='ltr'><strong>tum</strong></span> <span class='ocrx_word' id='word_1_30' title='bbox 625 781 910 873; x_wconf 75' lang='lat' dir='ltr'><strong>digitum</strong></span> <span class='ocrx_word' id='word_1_31' title='bbox 949 769 1149 867; x_wconf 78' lang='lat' dir='ltr'><strong>etiam</strong></span> <span class='ocrx_word' id='word_1_32' title='bbox 1188 779 1254 845; x_wconf 89' lang='lat' dir='ltr'><strong>in</strong></span> <span class='ocrx_word' id='word_1_33' title='bbox 1292 779 1577 846; x_wconf 87' lang='lat' dir='ltr'><strong>minimis</strong></span> <span class='ocrx_word' id='word_1_34' title='bbox 1620 777 1707 844; x_wconf 89' lang='lat' dir='ltr'><strong>ab</strong></span> <span class='ocrx_word' id='word_1_35' title='bbox 1765 778 1881 845; x_wconf 89' lang='lat' dir='ltr'><strong>illa</strong></span> <span class='ocrx_word' id='word_1_36' title='bbox 1924 787 2155 846; x_wconf 86' lang='lat' dir='ltr'><strong>vetere</strong></span> <span class='ocrx_word' id='word_1_37' title='bbox 2180 780 2420 871; x_wconf 73' lang='lat' dir='ltr'><strong>regula</strong></span> <span class='ocrx_word' id='word_1_38' title='bbox 2447 779 2716 859; x_wconf 74' lang='lat' dir='ltr'><strong>disee—</strong></span> 
     </span>
     <span class='ocr_line' id='line_1_6' title="bbox 438 858 2716 975; baseline -0.001 -20"><span class='ocrx_word' id='word_1_39' title='bbox 438 884 646 969; x_wconf 67' lang='lat' dir='ltr'><strong>deue,</strong></span> <span class='ocrx_word' id='word_1_40' title='bbox 695 883 1001 975; x_wconf 78' lang='lat' dir='ltr'><strong>religioni</strong></span> <span class='ocrx_word' id='word_1_41' title='bbox 1028 858 1372 951; x_wconf 74' lang='lat' dir='ltr'><strong>ducamus„</strong></span> <span class='ocrx_word' id='word_1_42' title='bbox 1476 881 1663 948; x_wconf 89' lang='lat' dir='ltr'><strong>Tum</strong></span> <span class='ocrx_word' id='word_1_43' title='bbox 1689 903 1851 949; x_wconf 89' lang='lat' dir='ltr'><strong>vero</strong></span> <span class='ocrx_word' id='word_1_44' title='bbox 1879 880 2192 950; x_wconf 84' lang='lat' dir='ltr'><strong>accidere</strong></span> <span class='ocrx_word' id='word_1_45' title='bbox 2217 882 2388 950; x_wconf 83' lang='lat' dir='ltr'><strong>solet</strong></span> <span class='ocrx_word' id='word_1_46' title='bbox 2411 882 2528 970; x_wconf 81' lang='lat' dir='ltr'><strong>id,</strong></span> <span class='ocrx_word' id='word_1_47' title='bbox 2581 883 2716 952; x_wconf 67' lang='lat' dir='ltr'><strong>de</strong></span> 
     </span>
     <span class='ocr_line' id='line_1_7' title="bbox 440 983 2716 1081; baseline 0 -26"><span class='ocrx_word' id='word_1_48' title='bbox 440 1010 580 1081; x_wconf 72' lang='lat' dir='ltr'><strong>quo</strong></span> <span class='ocrx_word' id='word_1_49' title='bbox 614 996 849 1057; x_wconf 88' lang='lat' dir='ltr'><strong>nostra</strong></span> <span class='ocrx_word' id='word_1_50' title='bbox 887 994 1105 1053; x_wconf 85' lang='lat' dir='ltr'><strong>aetate</strong></span> <span class='ocrx_word' id='word_1_51' title='bbox 1149 984 1414 1051; x_wconf 85' lang='lat' dir='ltr'><strong>multos·</strong></span> <span class='ocrx_word' id='word_1_52' title='bbox 1441 983 1936 1079; x_wconf 68' lang='lat' dir='ltr'><strong>stomachantes</strong></span> <span class='ocrx_word' id='word_1_53' title='bbox 1966 984 2196 1052; x_wconf 79' lang='lat' dir='ltr'>audias</span> <span class='ocrx_word' id='word_1_54' title='bbox 2223 993 2292 1053; x_wconf 89' lang='lat' dir='ltr'><strong>et</strong></span> <span class='ocrx_word' id='word_1_55' title='bbox 2315 1007 2473 1053; x_wconf 88' lang='lat' dir='ltr'><strong>cum</strong></span> <span class='ocrx_word' id='word_1_56' title='bbox 2499 987 2716 1055; x_wconf 72' lang='lat' dir='ltr'><strong>im</strong></span> 
     </span>
     <span class='ocr_line' id='line_1_8' title="bbox 439 1086 2716 1181; baseline -0.002 -20"><span class='ocrx_word' id='word_1_57' title='bbox 439 1088 902 1181; x_wconf 77' lang='lat' dir='ltr'><strong>indignatione</strong></span> <span class='ocrx_word' id='word_1_58' title='bbox 937 1086 1232 1181; x_wconf 89' lang='lat' dir='ltr'><strong>quadam</strong></span> <span class='ocrx_word' id='word_1_59' title='bbox 1274 1096 1794 1177; x_wconf 76' lang='lat' dir='ltr'>conquerentes,</span> <span class='ocrx_word' id='word_1_60' title='bbox 1849 1096 1921 1154; x_wconf 90' lang='lat' dir='ltr'><strong>ut</strong></span> <span class='ocrx_word' id='word_1_61' title='bbox 1962 1087 2122 1155; x_wconf 90' lang='lat' dir='ltr'><strong>boni</strong></span> <span class='ocrx_word' id='word_1_62' title='bbox 2148 1088 2454 1175; x_wconf 86' lang='lat' dir='ltr'><strong>iuvenes,</strong></span> <span class='ocrx_word' id='word_1_63' title='bbox 2511 1111 2682 1157; x_wconf 85' lang='lat' dir='ltr'><strong>cor-</strong></span> <span class='ocrx_word' id='word_1_64' title='bbox 2715 1114 2716 1117; x_wconf 44' lang='lat'>¹</span> 
     </span>
     <span class='ocr_line' id='line_1_9' title="bbox 440 1188 2716 1279; baseline -0 -18"><span class='ocrx_word' id='word_1_65' title='bbox 440 1191 818 1269; x_wconf 76' lang='lat' dir='ltr'><strong>reborata&#39;</strong></span> <span class='ocrx_word' id='word_1_66' title='bbox 799 1212 933 1261; x_wconf 75' lang='lat' dir='ltr'><strong>tam</strong></span> <span class='ocrx_word' id='word_1_67' title='bbox 975 1198 1229 1279; x_wconf 85' lang='lat' dir='ltr'><strong>aetate,</strong></span> <span class='ocrx_word' id='word_1_68' title='bbox 1284 1190 1556 1276; x_wconf 90' lang='lat' dir='ltr'><strong>quaein</strong></span> <span class='ocrx_word' id='word_1_69' title='bbox 1581 1188 1848 1258; x_wconf 87' lang='lat' dir='ltr'><strong>Scholis</strong></span> <span class='ocrx_word' id='word_1_70' title='bbox 1876 1190 2284 1276; x_wconf 79' lang='lat' dir='ltr'><strong>didicerunt,</strong></span> <span class='ocrx_word' id='word_1_71' title='bbox 2335 1191 2426 1259; x_wconf 85' lang='lat' dir='ltr'><strong>ad</strong></span> <span class='ocrx_word' id='word_1_72' title='bbox 2477 1213 2679 1261; x_wconf 86' lang='lat' dir='ltr'><strong>usum</strong></span> <span class='ocrx_word' id='word_1_73' title='bbox 2715 1246 2716 1251; x_wconf 15' lang='grc' dir='ltr'>η</span> 
     </span>
    </p>

    <p class='ocr_par' dir='ltr' id='par_1_3' title="bbox 379 1288 2716 2932">
     <span class='ocr_line' id='line_1_10' title="bbox 379 1288 2716 1388; baseline -0.002 -20"><span class='ocrx_word' id='word_1_74' title='bbox 379 1305 421 1370; x_wconf 82' lang='grc'>5</span> <span class='ocrx_word' id='word_1_75' title='bbox 443 1297 618 1365; x_wconf 89' lang='lat' dir='ltr'><strong>vitae</strong></span> <span class='ocrx_word' id='word_1_76' title='bbox 659 1294 1071 1388; x_wconf 79' lang='lat' dir='ltr'><strong>expeditnri,</strong></span> <span class='ocrx_word' id='word_1_77' title='bbox 1118 1294 1321 1386; x_wconf 87' lang='lat' dir='ltr'><strong>plane</strong></span> <span class='ocrx_word' id='word_1_78' title='bbox 1368 1315 1442 1361; x_wconf 90' lang='lat' dir='ltr'><strong>se</strong></span> <span class='ocrx_word' id='word_1_79' title='bbox 1466 1292 1824 1384; x_wconf 86' lang='lat' dir='ltr'><strong>plumbeos</strong></span> <span class='ocrx_word' id='word_1_80' title='bbox 1853 1315 2001 1364; x_wconf 82' lang='lat' dir='ltr'><strong>esse</strong></span> <span class='ocrx_word' id='word_1_81' title='bbox 2028 1293 2402 1385; x_wconf 76' lang='lat' dir='ltr'><strong>intelligant</strong></span> <span class='ocrx_word' id='word_1_82' title='bbox 2453 1303 2528 1361; x_wconf 86' lang='lat' dir='ltr'><strong>et</strong></span> <span class='ocrx_word' id='word_1_83' title='bbox 2549 1317 2682 1364; x_wconf 86' lang='lat' dir='ltr'><strong>ru-</strong></span> <span class='ocrx_word' id='word_1_84' title='bbox 2715 1288 2716 1291; x_wconf 47' lang='lat'>&#39;</span> 
     </span>
     <span class='ocr_line' id='line_1_11' title="bbox 438 1395 2716 1487; baseline -0.001 -18"><span class='ocrx_word' id='word_1_85' title='bbox 438 1399 564 1471; x_wconf 85' lang='lat' dir='ltr'><strong>des</strong></span> <span class='ocrx_word' id='word_1_86' title='bbox 618 1421 852 1467; x_wconf 90' lang='lat' dir='ltr'><strong>earum</strong></span> <span class='ocrx_word' id='word_1_87' title='bbox 904 1398 1181 1483; x_wconf 87' lang='lat' dir='ltr'><strong>artium,</strong></span> <span class='ocrx_word' id='word_1_88' title='bbox 1259 1418 1428 1487; x_wconf 87' lang='lat' dir='ltr'><strong>quas</strong></span> <span class='ocrx_word' id='word_1_89' title='bbox 1478 1418 1519 1463; x_wconf 89' lang='lat' dir='ltr'><strong>a</strong></span> <span class='ocrx_word' id='word_1_90' title='bbox 1571 1395 1812 1464; x_wconf 89' lang='lat' dir='ltr'><strong>teneris</strong></span> <span class='ocrx_word' id='word_1_91' title='bbox 1866 1396 2212 1465; x_wconf 82' lang='lat' dir='ltr'><strong>imbibisse</strong></span> <span class='ocrx_word' id='word_1_92' title='bbox 2252 1399 2453 1465; x_wconf 85' lang='lat' dir='ltr'><strong>satius</strong></span> <span class='ocrx_word' id='word_1_93' title='bbox 2499 1409 2716 1467; x_wconf 40' lang='lat' dir='ltr'><strong>erat*</strong></span> 
     </span>
     <span class='ocr_line' id='line_1_12' title="bbox 438 1498 2678 1620; baseline 0.001 -51"><span class='ocrx_word' id='word_1_94' title='bbox 438 1501 626 1589; x_wconf 82' lang='lat' dir='ltr'><strong>Quid</strong></span> <span class='ocrx_word' id='word_1_95' title='bbox 676 1500 919 1569; x_wconf 89' lang='lat' dir='ltr'><strong>mirum</strong></span> <span class='ocrx_word' id='word_1_96' title='bbox 955 1500 1178 1620; x_wconf 80' lang='lat' dir='ltr'><strong>igitur</strong></span> <span class='ocrx_word' id='word_1_97' title='bbox 1228 1498 1535 1567; x_wconf 88' lang='lat' dir='ltr'><strong>homines</strong></span> <span class='ocrx_word' id='word_1_98' title='bbox 1601 1499 1760 1568; x_wconf 90' lang='lat' dir='ltr'><strong>istos</strong></span> <span class='ocrx_word' id='word_1_99' title='bbox 1827 1498 2189 1569; x_wconf 76' lang='lat' dir='ltr'><strong>adultiores</strong></span> <span class='ocrx_word' id='word_1_100' title='bbox 2236 1498 2374 1567; x_wconf 91' lang='lat' dir='ltr'><strong>iam</strong></span> <span class='ocrx_word' id='word_1_101' title='bbox 2422 1499 2678 1589; x_wconf 66' lang='lat' dir='ltr'><strong>factae,</strong></span> 
     </span>
     <span class='ocr_line' id='line_1_13' title="bbox 434 1601 2678 1697; baseline 0.002 -26"><span class='ocrx_word' id='word_1_102' title='bbox 434 1603 624 1695; x_wconf 83' lang='lat' dir='ltr'><strong>quod</strong></span> <span class='ocrx_word' id='word_1_103' title='bbox 652 1612 917 1697; x_wconf 90' lang='lat' dir='ltr'><strong>tempus</strong></span> <span class='ocrx_word' id='word_1_104' title='bbox 955 1603 1175 1671; x_wconf 88' lang='lat' dir='ltr'><strong>ieiuna</strong></span> <span class='ocrx_word' id='word_1_105' title='bbox 1202 1601 1328 1669; x_wconf 88' lang='lat' dir='ltr'><strong>ista</strong></span> <span class='ocrx_word' id='word_1_106' title='bbox 1372 1601 1722 1692; x_wconf 80' lang='lat' dir='ltr'><strong>disciplina</strong></span> <span class='ocrx_word' id='word_1_107' title='bbox 1749 1612 1882 1671; x_wconf 88' lang='lat' dir='ltr'><strong>eta</strong></span> <span class='ocrx_word' id='word_1_108' title='bbox 1907 1603 2113 1695; x_wconf 81' lang='lat' dir='ltr'><strong>genio</strong></span> <span class='ocrx_word' id='word_1_109' title='bbox 2141 1603 2346 1671; x_wconf 87' lang='lat' dir='ltr'><strong>seculi</strong></span> <span class='ocrx_word' id='word_1_110' title='bbox 2372 1605 2678 1675; x_wconf 74' lang='lat' dir='ltr'><strong>maxime</strong></span> 
     </span>
     <span class='ocr_line' id='line_1_14' title="bbox 432 1703 2716 1828; baseline 0 -53"><span class='ocrx_word' id='word_1_111' title='bbox 432 1706 919 1798; x_wconf 79' lang='lat' dir='ltr'><strong>discrepante</strong></span> <span class='ocrx_word' id='word_1_112' title='bbox 902 1726 967 1772; x_wconf 87' lang='lat' dir='ltr'><strong>m</strong></span> <span class='ocrx_word' id='word_1_113' title='bbox 995 1703 1261 1773; x_wconf 86' lang='lat' dir='ltr'><strong>Scholis</strong></span> <span class='ocrx_word' id='word_1_114' title='bbox 1298 1704 1675 1797; x_wconf 76' lang='lat' dir='ltr'><strong>perdidisse</strong></span> <span class='ocrx_word' id='word_1_115' title='bbox 1701 1713 1770 1773; x_wconf 91' lang='lat' dir='ltr'><strong>et</strong></span> <span class='ocrx_word' id='word_1_116' title='bbox 1796 1705 2161 1793; x_wconf 80' lang='lat' dir='ltr'><strong>carboneS,</strong></span> <span class='ocrx_word' id='word_1_117' title='bbox 2229 1705 2416 1795; x_wconf 92' lang='lat' dir='ltr'><strong>quod</strong></span> <span class='ocrx_word' id='word_1_118' title='bbox 2454 1707 2674 1828; x_wconf 68' lang='lat' dir='ltr'><strong>aiunt,</strong></span> <span class='ocrx_word' id='word_1_119' title='bbox 2715 1744 2716 1787; x_wconf 74' lang='lat'>1</span> 
     </span>
     <span class='ocr_line' id='line_1_15' title="bbox 434 1808 2716 1905; baseline 0.001 -26"><span class='ocrx_word' id='word_1_120' title='bbox 434 1832 565 1905; x_wconf 86' lang='lat' dir='ltr'><strong>pro</strong></span> <span class='ocrx_word' id='word_1_121' title='bbox 592 1808 918 1877; x_wconf 83' lang='lat' dir='ltr'><strong>thesauris</strong></span> <span class='ocrx_word' id='word_1_122' title='bbox 955 1808 1050 1877; x_wconf 91' lang='lat' dir='ltr'><strong>ibi</strong></span> <span class='ocrx_word' id='word_1_123' title='bbox 1088 1830 1237 1877; x_wconf 88' lang='lat' dir='ltr'><strong>sese</strong></span> <span class='ocrx_word' id='word_1_124' title='bbox 1278 1809 1671 1901; x_wconf 82' lang='lat' dir='ltr'><strong>colleg-isse,</strong></span> <span class='ocrx_word' id='word_1_125' title='bbox 1724 1831 1878 1877; x_wconf 87' lang='lat' dir='ltr'><strong>sero</strong></span> <span class='ocrx_word' id='word_1_126' title='bbox 1901 1808 2310 1900; x_wconf 84' lang='lat' dir='ltr'><strong>intelligunt,</strong></span> <span class='ocrx_word' id='word_1_127' title='bbox 2327 1831 2676 1900; x_wconf 73' lang='lat' dir='ltr'><strong>·pessme</strong></span> <span class='ocrx_word' id='word_1_128' title='bbox 2715 1856 2716 1861; x_wconf 21' lang='grc' dir='ltr'><strong>κ</strong></span> 
     </span>
     <span class='ocr_line' id='line_1_16' title="bbox 435 1911 2672 2002; baseline -0.001 -18"><span class='ocrx_word' id='word_1_129' title='bbox 435 1936 668 1987; x_wconf 82' lang='lat' dir='ltr'><strong>secum</strong></span> <span class='ocrx_word' id='word_1_130' title='bbox 707 1914 777 1981; x_wconf 91' lang='lat' dir='ltr'><strong>in</strong></span> <span class='ocrx_word' id='word_1_131' title='bbox 813 1913 1153 1983; x_wconf 84' lang='lat' dir='ltr'><strong>iuventute</strong></span> <span class='ocrx_word' id='word_1_132' title='bbox 1201 1919 1422 1978; x_wconf 82' lang='lat' dir='ltr'><strong>actum</strong></span> <span class='ocrx_word' id='word_1_133' title='bbox 1465 1933 1618 1978; x_wconf 87' lang='lat' dir='ltr'><strong>esse</strong></span> <span class='ocrx_word' id='word_1_134' title='bbox 1639 1911 1983 1979; x_wconf 87' lang='lat' dir='ltr'><strong>clamitare</strong></span> <span class='ocrx_word' id='word_1_135' title='bbox 2003 1911 2389 2002; x_wconf 84' lang='lat' dir='ltr'><strong>scholisque</strong></span> <span class='ocrx_word' id='word_1_136' title='bbox 2417 1921 2490 1980; x_wconf 89' lang='lat' dir='ltr'><strong>et</strong></span> <span class='ocrx_word' id='word_1_137' title='bbox 2513 1936 2672 1983; x_wconf 69' lang='lat' dir='ltr'><strong>ma-</strong></span> 
     </span>
     <span class='ocr_line' id='line_1_17' title="bbox 430 2013 2716 2109; baseline -0.002 -22"><span class='ocrx_word' id='word_1_138' title='bbox 430 2018 692 2109; x_wconf 80' lang='lat' dir='ltr'><strong>gistris,</strong></span> <span class='ocrx_word' id='word_1_139' title='bbox 758 2037 1045 2104; x_wconf 84' lang='lat' dir='ltr'><strong>quorum</strong></span> <span class='ocrx_word' id='word_1_140' title='bbox 1088 2014 1475 2106; x_wconf 87' lang='lat' dir='ltr'><strong>disciplinae</strong></span> <span class='ocrx_word' id='word_1_141' title='bbox 1517 2013 1677 2081; x_wconf 90' lang='lat' dir='ltr'><strong>olim</strong></span> <span class='ocrx_word' id='word_1_142' title='bbox 1717 2014 1939 2084; x_wconf 82' lang='lat' dir='ltr'><strong>traditi</strong></span> <span class='ocrx_word' id='word_1_143' title='bbox 1977 2015 2276 2102; x_wconf 87' lang='lat' dir='ltr'><strong>fuerunt,</strong></span> <span class='ocrx_word' id='word_1_144' title='bbox 2334 2015 2670 2087; x_wconf 73' lang='lat' dir='ltr'><strong>invidiam</strong></span> <span class='ocrx_word' id='word_1_145' title='bbox 2715 2038 2716 2083; x_wconf 77' lang='grc' dir='ltr'>ῑ</span> 
     </span>
     <span class='ocr_line' id='line_1_18' title="bbox 432 2104 2716 2211; baseline 0 -22"><span class='ocrx_word' id='word_1_146' title='bbox 432 2118 619 2189; x_wconf 84' lang='lat' dir='ltr'><strong>hisce</strong></span> <span class='ocrx_word' id='word_1_147' title='bbox 646 2118 933 2207; x_wconf 85' lang='lat' dir='ltr'><strong>querelis</strong></span> <span class='ocrx_word' id='word_1_148' title='bbox 962 2104 1256 2186; x_wconf 80' lang='lat' dir='ltr'><strong>conflare</strong></span> <span class='ocrx_word' id='word_1_149' title='bbox 1282 2117 1686 2187; x_wconf 81' lang='lat' dir='ltr'><strong>maximam?</strong></span> <span class='ocrx_word' id='word_1_150' title='bbox 1753 2118 1963 2205; x_wconf 81' lang='lat' dir='ltr'><strong>Quod</strong></span> <span class='ocrx_word' id='word_1_151' title='bbox 1987 2119 2041 2186; x_wconf 80' lang='lat' dir='ltr'><strong>si</strong></span> <span class='ocrx_word' id='word_1_152' title='bbox 2068 2119 2270 2210; x_wconf 82' lang='lat' dir='ltr'><strong>igitur</strong></span> <span class='ocrx_word' id='word_1_153' title='bbox 2293 2141 2531 2187; x_wconf 90' lang='lat' dir='ltr'><strong>verum</strong></span> <span class='ocrx_word' id='word_1_154' title='bbox 2559 2134 2667 2190; x_wconf 81' lang='lat' dir='ltr'><strong>est</strong></span> <span class='ocrx_word' id='word_1_155' title='bbox 2715 2150 2716 2211; x_wconf 44' lang='grc' dir='ltr'>ξ</span> 
     </span>
     <span class='ocr_line' id='line_1_19' title="bbox 430 2219 2667 2309; baseline 0.003 -22"><span class='ocrx_word' id='word_1_156' title='bbox 430 2220 541 2305; x_wconf 86' lang='lat' dir='ltr'><strong>id,</strong></span> <span class='ocrx_word' id='word_1_157' title='bbox 597 2219 827 2309; x_wconf 85' lang='lat' dir='ltr'><strong>quod</strong></span> <span class='ocrx_word' id='word_1_158' title='bbox 809 2242 874 2287; x_wconf 89' lang='lat' dir='ltr'><strong>m</strong></span> <span class='ocrx_word' id='word_1_159' title='bbox 916 2220 1195 2288; x_wconf 91' lang='lat' dir='ltr'><strong>dubium</strong></span> <span class='ocrx_word' id='word_1_160' title='bbox 1236 2242 1480 2288; x_wconf 81' lang='lat' dir='ltr'><strong>vocare</strong></span> <span class='ocrx_word' id='word_1_161' title='bbox 1519 2242 1720 2288; x_wconf 89' lang='lat' dir='ltr'><strong>nemo</strong></span> <span class='ocrx_word' id='word_1_162' title='bbox 1747 2221 1947 2308; x_wconf 88' lang='lat' dir='ltr'><strong>ausit,</strong></span> <span class='ocrx_word' id='word_1_163' title='bbox 1998 2221 2172 2290; x_wconf 90' lang='lat' dir='ltr'><strong>vitae</strong></span> <span class='ocrx_word' id='word_1_164' title='bbox 2198 2243 2331 2289; x_wconf 90' lang='lat' dir='ltr'><strong>non</strong></span> <span class='ocrx_word' id='word_1_165' title='bbox 2360 2220 2667 2293; x_wconf 73' lang='grc' dir='ltr'><strong>801101ιο</strong></span> 
     </span>
     <span class='ocr_line' id='line_1_20' title="bbox 428 2314 2716 2417; baseline 0 -26"><span class='ocrx_word' id='word_1_166' title='bbox 428 2314 862 2409; x_wconf 84' lang='lat' dir='ltr'><strong>discendum,</strong></span> <span class='ocrx_word' id='word_1_167' title='bbox 929 2334 1248 2417; x_wconf 85' lang='lat' dir='ltr'><strong>apparet,</strong></span> <span class='ocrx_word' id='word_1_168' title='bbox 1314 2322 1700 2391; x_wconf 86' lang='lat' dir='ltr'><strong>scholarum</strong></span> <span class='ocrx_word' id='word_1_169' title='bbox 1741 2323 2156 2416; x_wconf 84' lang='lat' dir='ltr'><strong>disciplinam</strong></span> <span class='ocrx_word' id='word_1_170' title='bbox 2197 2334 2266 2395; x_wconf 79' lang='lat' dir='ltr'><strong>et</strong></span> <span class='ocrx_word' id='word_1_171' title='bbox 2302 2324 2666 2395; x_wconf 84' lang='lat' dir='ltr'><strong>institutio-</strong></span> <span class='ocrx_word' id='word_1_172' title='bbox 2715 2370 2716 2391; x_wconf 21' lang='grc' dir='ltr'>ἢ</span> 
     </span>
     <span class='ocr_line' id='line_1_21' title="bbox 426 2424 2668 2517; baseline 0 -20"><span class='ocrx_word' id='word_1_173' title='bbox 426 2448 585 2497; x_wconf 85' lang='grc'><strong>110111</strong></span> <span class='ocrx_word' id='word_1_174' title='bbox 611 2425 967 2517; x_wconf 80' lang='lat' dir='ltr'><strong>diligenter</strong></span> <span class='ocrx_word' id='word_1_175' title='bbox 1004 2427 1584 2517; x_wconf 84' lang='lat' dir='ltr'><strong>attemperandam</strong></span> <span class='ocrx_word' id='word_1_176' title='bbox 1624 2449 1770 2494; x_wconf 89' lang='lat' dir='ltr'><strong>esse</strong></span> <span class='ocrx_word' id='word_1_177' title='bbox 1796 2427 1970 2495; x_wconf 84' lang='lat' dir='ltr'><strong>vitae</strong></span> <span class='ocrx_word' id='word_1_178' title='bbox 2010 2424 2354 2495; x_wconf 88' lang='lat' dir='ltr'><strong>hominum</strong></span> <span class='ocrx_word' id='word_1_179' title='bbox 2398 2437 2470 2494; x_wconf 88' lang='lat' dir='ltr'><strong>et</strong></span> <span class='ocrx_word' id='word_1_180' title='bbox 2512 2452 2668 2498; x_wconf 81' lang='lat' dir='ltr'><strong>ma-</strong></span> 
     </span>
     <span class='ocr_line' id='line_1_22' title="bbox 424 2527 2668 2622; baseline 0.003 -27"><span class='ocrx_word' id='word_1_181' title='bbox 424 2550 735 2622; x_wconf 77' lang='lat' dir='ltr'><strong>gnopere</strong></span> <span class='ocrx_word' id='word_1_182' title='bbox 765 2527 1170 2612; x_wconf 85' lang='lat' dir='ltr'><strong>cavendum,</strong></span> <span class='ocrx_word' id='word_1_183' title='bbox 1212 2551 1297 2595; x_wconf 89' lang='lat' dir='ltr'><strong>ne</strong></span> <span class='ocrx_word' id='word_1_184' title='bbox 1325 2528 1711 2599; x_wconf 88' lang='lat' dir='ltr'><strong>scholarum</strong></span> <span class='ocrx_word' id='word_1_185' title='bbox 1739 2529 1984 2597; x_wconf 84' lang='lat' dir='ltr'><strong>alumni</strong></span> <span class='ocrx_word' id='word_1_186' title='bbox 2001 2553 2153 2597; x_wconf 91' lang='lat' dir='ltr'><strong>cum</strong></span> <span class='ocrx_word' id='word_1_187' title='bbox 2182 2553 2268 2598; x_wconf 80' lang='lat' dir='ltr'><strong>ex</strong></span> <span class='ocrx_word' id='word_1_188' title='bbox 2292 2532 2668 2602; x_wconf 77' lang='lat' dir='ltr'><strong>umbracu-</strong></span> 
     </span>
     <span class='ocr_line' id='line_1_23' title="bbox 428 2630 2666 2725; baseline 0.002 -26"><span class='ocrx_word' id='word_1_189' title='bbox 428 2633 509 2700; x_wconf 88' lang='lat' dir='ltr'><strong>lis</strong></span> <span class='ocrx_word' id='word_1_190' title='bbox 537 2630 988 2715; x_wconf 86' lang='lat' dir='ltr'><strong>scholasticis,</strong></span> <span class='ocrx_word' id='word_1_191' title='bbox 1040 2638 1361 2721; x_wconf 86' lang='lat' dir='ltr'><strong>tanquam</strong></span> <span class='ocrx_word' id='word_1_192' title='bbox 1390 2654 1429 2699; x_wconf 93' lang='lat' dir='ltr'><strong>e</strong></span> <span class='ocrx_word' id='word_1_193' title='bbox 1455 2631 1722 2718; x_wconf 88' lang='lat' dir='ltr'><strong>nidulo,</strong></span> <span class='ocrx_word' id='word_1_194' title='bbox 1769 2633 1837 2699; x_wconf 89' lang='lat' dir='ltr'><strong>in</strong></span> <span class='ocrx_word' id='word_1_195' title='bbox 1863 2634 2222 2725; x_wconf 88' lang='lat' dir='ltr'><strong>ampliores</strong></span> <span class='ocrx_word' id='word_1_196' title='bbox 2263 2633 2438 2701; x_wconf 83' lang='lat' dir='ltr'><strong>vitae</strong></span> <span class='ocrx_word' id='word_1_197' title='bbox 2467 2658 2666 2704; x_wconf 81' lang='lat' dir='ltr'><strong>eam-</strong></span> 
     </span>
     <span class='ocr_line' id='line_1_24' title="bbox 426 2734 2716 2829; baseline 0.003 -27"><span class='ocrx_word' id='word_1_198' title='bbox 426 2757 557 2829; x_wconf 87' lang='lat' dir='ltr'><strong>pos</strong></span> <span class='ocrx_word' id='word_1_199' title='bbox 583 2734 1024 2819; x_wconf 83' lang='lat' dir='ltr'><strong>evolaverint,</strong></span> <span class='ocrx_word' id='word_1_200' title='bbox 1078 2743 1365 2825; x_wconf 85' lang='lat' dir='ltr'><strong>stupore</strong></span> <span class='ocrx_word' id='word_1_201' title='bbox 1404 2736 1593 2823; x_wconf 89' lang='lat' dir='ltr'><strong>quasi</strong></span> <span class='ocrx_word' id='word_1_202' title='bbox 1622 2734 1823 2802; x_wconf 85' lang='lat' dir='ltr'><strong>defixi</strong></span> <span class='ocrx_word' id='word_1_203' title='bbox 1849 2734 2205 2823; x_wconf 84' lang='lat' dir='ltr'><strong>haereant,</strong></span> <span class='ocrx_word' id='word_1_204' title='bbox 2263 2736 2375 2803; x_wconf 89' lang='lat' dir='ltr'><strong>et</strong></span> <span class='ocrx_word' id='word_1_205' title='bbox 2358 2757 2423 2804; x_wconf 87' lang='grc' dir='ltr'><strong>ιιι</strong></span> <span class='ocrx_word' id='word_1_206' title='bbox 2451 2739 2662 2829; x_wconf 78' lang='lat' dir='ltr'><strong>alium</strong></span> <span class='ocrx_word' id='word_1_207' title='bbox 2715 2774 2716 2785; x_wconf 26' lang='grc' dir='ltr'>ι</span> 
     </span>
     <span class='ocr_line' id='line_1_25' title="bbox 425 2837 1822 2932; baseline 0.001 -28"><span class='ocrx_word' id='word_1_208' title='bbox 425 2837 633 2932; x_wconf 86' lang='lat' dir='ltr'><strong>plane</strong></span> <span class='ocrx_word' id='word_1_209' title='bbox 658 2838 894 2906; x_wconf 88' lang='lat' dir='ltr'><strong>orbem</strong></span> <span class='ocrx_word' id='word_1_210' title='bbox 921 2860 1065 2905; x_wconf 90' lang='lat' dir='ltr'><strong>sese</strong></span> <span class='ocrx_word' id='word_1_211' title='bbox 1093 2837 1353 2905; x_wconf 86' lang='lat' dir='ltr'><strong>delatos</strong></span> <span class='ocrx_word' id='word_1_212' title='bbox 1380 2860 1527 2907; x_wconf 88' lang='lat' dir='ltr'><strong>esse</strong></span> <span class='ocrx_word' id='word_1_213' title='bbox 1565 2845 1822 2929; x_wconf 83' lang='lat' dir='ltr'><strong>putent.</strong></span> 
     </span>
    </p>

    <p class='ocr_par' dir='ltr' id='par_1_4' title="bbox 415 2939 2716 4269">
     <span class='ocr_line' id='line_1_26' title="bbox 634 2939 2662 3033; baseline 0.003 -26"><span class='ocrx_word' id='word_1_214' title='bbox 634 2940 898 3008; x_wconf 87' lang='lat' dir='ltr'><strong>Deinde</strong></span> <span class='ocrx_word' id='word_1_215' title='bbox 925 2939 1296 3031; x_wconf 85' lang='lat' dir='ltr'><strong>optandum</strong></span> <span class='ocrx_word' id='word_1_216' title='bbox 1325 2951 1461 3026; x_wconf 85' lang='lat' dir='ltr'><strong>est,</strong></span> <span class='ocrx_word' id='word_1_217' title='bbox 1511 2951 1584 3011; x_wconf 85' lang='lat' dir='ltr'><strong>ut</strong></span> <span class='ocrx_word' id='word_1_218' title='bbox 1607 2948 1920 3032; x_wconf 87' lang='lat' dir='ltr'><strong>parentes</strong></span> <span class='ocrx_word' id='word_1_219' title='bbox 1948 2962 2150 3028; x_wconf 88' lang='lat' dir='ltr'><strong>quam</strong></span> <span class='ocrx_word' id='word_1_220' title='bbox 2178 2940 2454 3033; x_wconf 84' lang='lat' dir='ltr'><strong>plurimi</strong></span> <span class='ocrx_word' id='word_1_221' title='bbox 2482 2943 2662 3013; x_wconf 86' lang='lat' dir='ltr'><strong>libe-</strong></span> 
     </span>
     <span class='ocr_line' id='line_1_27' title="bbox 426 3041 2716 3136; baseline 0.003 -26"><span class='ocrx_word' id='word_1_222' title='bbox 426 3063 539 3112; x_wconf 86' lang='lat' dir='ltr'><strong>ros</strong></span> <span class='ocrx_word' id='word_1_223' title='bbox 582 3063 737 3109; x_wconf 90' lang='lat' dir='ltr'><strong>snos</strong></span> <span class='ocrx_word' id='word_1_224' title='bbox 782 3041 1048 3110; x_wconf 87' lang='lat' dir='ltr'><strong>Scholis</strong></span> <span class='ocrx_word' id='word_1_225' title='bbox 1086 3042 1380 3135; x_wconf 84' lang='lat' dir='ltr'><strong>publicis</strong></span> <span class='ocrx_word' id='word_1_226' title='bbox 1428 3052 1498 3113; x_wconf 87' lang='lat' dir='ltr'><strong>et</strong></span> <span class='ocrx_word' id='word_1_227' title='bbox 1546 3044 1880 3135; x_wconf 80' lang='lat' dir='ltr'><strong>magistris</strong></span> <span class='ocrx_word' id='word_1_228' title='bbox 1929 3045 2203 3136; x_wconf 85' lang='lat' dir='ltr'><strong>publica</strong></span> <span class='ocrx_word' id='word_1_229' title='bbox 2255 3046 2716 3116; x_wconf 69' lang='lat' dir='ltr'><strong>auctoritate</strong></span> 
     </span>
     <span class='ocr_line' id='line_1_28' title="bbox 428 3144 2661 3223; baseline 0.002 -11"><span class='ocrx_word' id='word_1_230' title='bbox 428 3144 793 3213; x_wconf 87' lang='lat' dir='ltr'><strong>constitutis</strong></span> <span class='ocrx_word' id='word_1_231' title='bbox 818 3144 1104 3217; x_wconf 88' lang='lat' dir='ltr'><strong>tradant.</strong></span> <span class='ocrx_word' id='word_1_232' title='bbox 1209 3147 1534 3213; x_wconf 87' lang='lat' dir='ltr'><strong>Parentes</strong></span> <span class='ocrx_word' id='word_1_233' title='bbox 1559 3168 1722 3215; x_wconf 86' lang='lat' dir='ltr'><strong>vero</strong></span> <span class='ocrx_word' id='word_1_234' title='bbox 1749 3168 1833 3215; x_wconf 90' lang='lat' dir='ltr'><strong>eo</strong></span> <span class='ocrx_word' id='word_1_235' title='bbox 1858 3148 2190 3223; x_wconf 86' lang='lat' dir='ltr'><strong>lubentius</strong></span> <span class='ocrx_word' id='word_1_236' title='bbox 2217 3148 2468 3216; x_wconf 84' lang='lat' dir='ltr'><strong>liberos</strong></span> <span class='ocrx_word' id='word_1_237' title='bbox 2495 3171 2661 3219; x_wconf 82' lang='lat' dir='ltr'><strong>suos</strong></span> 
     </span>
     <span class='ocr_line' id='line_1_29' title="bbox 423 3246 2716 3343; baseline 0.004 -30.02"><span class='ocrx_word' id='word_1_238' title='bbox 423 3246 491 3313; x_wconf 93' lang='lat' dir='ltr'><strong>in</strong></span> <span class='ocrx_word' id='word_1_239' title='bbox 518 3247 801 3315; x_wconf 83' lang='lat' dir='ltr'><strong>Scholas</strong></span> <span class='ocrx_word' id='word_1_240' title='bbox 844 3248 1147 3340; x_wconf 87' lang='lat' dir='ltr'><strong>publicas</strong></span> <span class='ocrx_word' id='word_1_241' title='bbox 1187 3249 1380 3316; x_wconf 89' lang='lat' dir='ltr'><strong>bonis</strong></span> <span class='ocrx_word' id='word_1_242' title='bbox 1424 3249 1673 3318; x_wconf 85' lang='lat' dir='ltr'><strong>artibus</strong></span> <span class='ocrx_word' id='word_1_243' title='bbox 1712 3250 2069 3341; x_wconf 81' lang='lat' dir='ltr'><strong>fingendus</strong></span> <span class='ocrx_word' id='word_1_244' title='bbox 2111 3248 2664 3343; x_wconf 80' lang='lat' dir='ltr'><strong>erudiendosque</strong></span> <span class='ocrx_word' id='word_1_245' title='bbox 2715 3260 2716 3311; x_wconf 56' lang='grc' dir='ltr'>ἒ</span> 
     </span>
     <span class='ocr_line' id='line_1_30' title="bbox 425 3347 2716 3444; baseline 0.003 -27"><span class='ocrx_word' id='word_1_246' title='bbox 425 3347 698 3419; x_wconf 74' lang='lat' dir='ltr'><strong>daturos</strong></span> <span class='ocrx_word' id='word_1_247' title='bbox 738 3373 921 3436; x_wconf 89' lang='lat' dir='ltr'><strong>esse,</strong></span> <span class='ocrx_word' id='word_1_248' title='bbox 984 3351 1334 3420; x_wconf 83' lang='lat' dir='ltr'><strong>verisimile</strong></span> <span class='ocrx_word' id='word_1_249' title='bbox 1408 3361 1540 3438; x_wconf 88' lang='lat' dir='ltr'><strong>est,</strong></span> <span class='ocrx_word' id='word_1_250' title='bbox 1607 3374 1747 3441; x_wconf 91' lang='lat' dir='ltr'><strong>quo</strong></span> <span class='ocrx_word' id='word_1_251' title='bbox 1816 3353 2033 3444; x_wconf 80' lang='lat' dir='ltr'><strong>magis</strong></span> <span class='ocrx_word' id='word_1_252' title='bbox 2075 3376 2470 3444; x_wconf 83' lang='lat' dir='ltr'><strong>persuasum</strong></span> <span class='ocrx_word' id='word_1_253' title='bbox 2521 3356 2660 3425; x_wconf 60' lang='lat' dir='ltr'><strong>iffi</strong></span> <span class='ocrx_word' id='word_1_254' title='bbox 2715 3364 2716 3399; x_wconf 62' lang='lat'>¹</span> 
     </span>
     <span class='ocr_line' id='line_1_31' title="bbox 425 3444 2716 3544; baseline 0.002 -21"><span class='ocrx_word' id='word_1_255' title='bbox 425 3453 587 3539; x_wconf 88' lang='lat' dir='ltr'><strong>erit,</strong></span> <span class='ocrx_word' id='word_1_256' title='bbox 654 3476 747 3521; x_wconf 83' lang='lat' dir='ltr'><strong>ea·</strong></span> <span class='ocrx_word' id='word_1_257' title='bbox 774 3444 865 3520; x_wconf 82' lang='lat' dir='ltr'><strong>ibi</strong></span> <span class='ocrx_word' id='word_1_258' title='bbox 905 3454 1133 3522; x_wconf 88' lang='lat' dir='ltr'><strong>doceri</strong></span> <span class='ocrx_word' id='word_1_259' title='bbox 1177 3455 1560 3544; x_wconf 87' lang='lat' dir='ltr'><strong>tenerisque</strong></span> <span class='ocrx_word' id='word_1_260' title='bbox 1603 3455 1964 3523; x_wconf 86' lang='lat' dir='ltr'><strong>liberorum</strong></span> <span class='ocrx_word' id='word_1_261' title='bbox 2005 3457 2334 3524; x_wconf 88' lang='lat' dir='ltr'><strong>mentibus</strong></span> <span class='ocrx_word' id='word_1_262' title='bbox 2385 3467 2660 3529; x_wconf 79' lang='lat' dir='ltr'><strong>mature</strong></span> <span class='ocrx_word' id='word_1_263' title='bbox 2715 3478 2716 3485; x_wconf 74' lang='grc'>’</span> 
     </span>
     <span class='ocr_line' id='line_1_32' title="bbox 421 3556 2716 3648; baseline 0.002 -22"><span class='ocrx_word' id='word_1_264' title='bbox 421 3556 754 3641; x_wconf 86' lang='lat' dir='ltr'><strong>instillari,</strong></span> <span class='ocrx_word' id='word_1_265' title='bbox 830 3579 1005 3646; x_wconf 85' lang='lat' dir='ltr'><strong>quae</strong></span> <span class='ocrx_word' id='word_1_266' title='bbox 1045 3557 1407 3627; x_wconf 87' lang='lat' dir='ltr'><strong>adultiores</strong></span> <span class='ocrx_word' id='word_1_267' title='bbox 1453 3557 1614 3625; x_wconf 84' lang='lat' dir='ltr'><strong>facti</strong></span> <span class='ocrx_word' id='word_1_268' title='bbox 1637 3558 1728 3625; x_wconf 90' lang='lat' dir='ltr'><strong>ad</strong></span> <span class='ocrx_word' id='word_1_269' title='bbox 1760 3560 1962 3626; x_wconf 88' lang='lat' dir='ltr'><strong>vitam</strong></span> <span class='ocrx_word' id='word_1_270' title='bbox 1985 3581 2313 3648; x_wconf 83' lang='lat' dir='ltr'><strong>usumque</strong></span> <span class='ocrx_word' id='word_1_271' title='bbox 2339 3580 2658 3630; x_wconf 79' lang='lat' dir='ltr'><strong>commu·-</strong></span> <span class='ocrx_word' id='word_1_272' title='bbox 2715 3574 2716 3577; x_wconf 76' lang='grc'>’</span> 
     </span>
     <span class='ocr_line' id='line_1_33' title="bbox 421 3659 2654 3756; baseline 0.001 -26"><span class='ocrx_word' id='word_1_273' title='bbox 421 3684 577 3731; x_wconf 84' lang='lat' dir='ltr'><strong>nem</strong></span> <span class='ocrx_word' id='word_1_274' title='bbox 616 3659 974 3729; x_wconf 86' lang='lat' dir='ltr'><strong>transferre</strong></span> <span class='ocrx_word' id='word_1_275' title='bbox 1012 3662 1290 3752; x_wconf 83' lang='lat' dir='ltr'><strong>possint.</strong></span> <span class='ocrx_word' id='word_1_276' title='bbox 1396 3662 1849 3751; x_wconf 87' lang='lat' dir='ltr'><strong>Nequaquam</strong></span> <span class='ocrx_word' id='word_1_277' title='bbox 1889 3670 2116 3730; x_wconf 89' lang='lat' dir='ltr'><strong>autem</strong></span> <span class='ocrx_word' id='word_1_278' title='bbox 2149 3685 2320 3752; x_wconf 88' lang='lat' dir='ltr'><strong>quae</strong></span> <span class='ocrx_word' id='word_1_279' title='bbox 2359 3661 2451 3730; x_wconf 88' lang='lat' dir='ltr'><strong>ad</strong></span> <span class='ocrx_word' id='word_1_280' title='bbox 2479 3686 2654 3756; x_wconf 81' lang='lat' dir='ltr'><strong>pro-</strong></span> 
     </span>
     <span class='ocr_line' id='line_1_34' title="bbox 419 3763 2654 3854; baseline 0.001 -21"><span class='ocrx_word' id='word_1_281' title='bbox 419 3767 715 3854; x_wconf 89' lang='lat' dir='ltr'><strong>positum</strong></span> <span class='ocrx_word' id='word_1_282' title='bbox 740 3765 914 3833; x_wconf 85' lang='lat' dir='ltr'><strong>vitae</strong></span> <span class='ocrx_word' id='word_1_283' title='bbox 942 3785 1211 3831; x_wconf 88' lang='lat' dir='ltr'><strong>cursum</strong></span> <span class='ocrx_word' id='word_1_284' title='bbox 1255 3763 1600 3832; x_wconf 84' lang='lat' dir='ltr'><strong>fructuosa</strong></span> <span class='ocrx_word' id='word_1_285' title='bbox 1640 3765 1957 3853; x_wconf 87' lang='lat' dir='ltr'><strong>utiliaque</strong></span> <span class='ocrx_word' id='word_1_286' title='bbox 2001 3788 2146 3834; x_wconf 84' lang='lat' dir='ltr'><strong>esse</strong></span> <span class='ocrx_word' id='word_1_287' title='bbox 2174 3768 2654 3853; x_wconf 57' lang='lat' dir='ltr'><strong>existimanus,</strong></span> 
     </span>
     <span class='ocr_line' id='line_1_35' title="bbox 418 3864 2658 3962; baseline 0.004 -31"><span class='ocrx_word' id='word_1_288' title='bbox 418 3864 652 3935; x_wconf 87' lang='lat' dir='ltr'><strong>doceri</strong></span> <span class='ocrx_word' id='word_1_289' title='bbox 694 3876 1012 3959; x_wconf 88' lang='lat' dir='ltr'><strong>poterunt</strong></span> <span class='ocrx_word' id='word_1_290' title='bbox 1048 3867 1116 3934; x_wconf 93' lang='lat' dir='ltr'><strong>in</strong></span> <span class='ocrx_word' id='word_1_291' title='bbox 1157 3865 1461 3953; x_wconf 79' lang='lat' dir='ltr'><strong>scholis,</strong></span> <span class='ocrx_word' id='word_1_292' title='bbox 1518 3867 1672 3952; x_wconf 86' lang='lat' dir='ltr'><strong>nisi,</strong></span> <span class='ocrx_word' id='word_1_293' title='bbox 1741 3867 1905 3956; x_wconf 89' lang='lat' dir='ltr'><strong>quid</strong></span> <span class='ocrx_word' id='word_1_294' title='bbox 1941 3868 2235 3958; x_wconf 88' lang='lat' dir='ltr'><strong>postulet</strong></span> <span class='ocrx_word' id='word_1_295' title='bbox 2269 3869 2513 3962; x_wconf 77' lang='lat' dir='ltr'><strong>genius</strong></span> <span class='ocrx_word' id='word_1_296' title='bbox 2539 3894 2658 3939; x_wconf 76' lang='lat' dir='ltr'><strong>se-</strong></span> 
     </span>
     <span class='ocr_line' id='line_1_36' title="bbox 419 3968 2652 4061; baseline 0.003 -27"><span class='ocrx_word' id='word_1_297' title='bbox 419 3968 584 4051; x_wconf 85' lang='lat' dir='ltr'><strong>culi,</strong></span> <span class='ocrx_word' id='word_1_298' title='bbox 644 3968 999 4061; x_wconf 86' lang='lat' dir='ltr'><strong>diligenter</strong></span> <span class='ocrx_word' id='word_1_299' title='bbox 1040 3970 1454 4038; x_wconf 85' lang='lat' dir='ltr'><strong>observetur.</strong></span> <span class='ocrx_word' id='word_1_300' title='bbox 1559 3971 1717 4037; x_wconf 87' lang='lat' dir='ltr'><strong>Non</strong></span> <span class='ocrx_word' id='word_1_301' title='bbox 1753 3980 2050 4039; x_wconf 88' lang='lat' dir='ltr'><strong>nostrum</strong></span> <span class='ocrx_word' id='word_1_302' title='bbox 2088 3970 2200 4039; x_wconf 89' lang='lat' dir='ltr'><strong>hic</strong></span> <span class='ocrx_word' id='word_1_303' title='bbox 2242 3981 2375 4059; x_wconf 80' lang='lat' dir='ltr'><strong>est,</strong></span> <span class='ocrx_word' id='word_1_304' title='bbox 2429 3974 2652 4041; x_wconf 82' lang='lat' dir='ltr'><strong>ambi-</strong></span> 
     </span>
     <span class='ocr_line' id='line_1_37' title="bbox 418 4068 2716 4166; baseline 0.006 -34"><span class='ocrx_word' id='word_1_305' title='bbox 418 4069 642 4137; x_wconf 83' lang='lat' dir='ltr'><strong>tiosius</strong></span> <span class='ocrx_word' id='word_1_306' title='bbox 669 4068 945 4141; x_wconf 83' lang='lat' dir='ltr'><strong>laudare</strong></span> <span class='ocrx_word' id='word_1_307' title='bbox 973 4072 1259 4142; x_wconf 87' lang='lat' dir='ltr'><strong>Scholas</strong></span> <span class='ocrx_word' id='word_1_308' title='bbox 1287 4071 1629 4162; x_wconf 87' lang='lat' dir='ltr'><strong>publicas,</strong></span> <span class='ocrx_word' id='word_1_309' title='bbox 1673 4082 1743 4139; x_wconf 90' lang='lat' dir='ltr'><strong>et</strong></span> <span class='ocrx_word' id='word_1_310' title='bbox 1768 4073 2009 4162; x_wconf 86' lang='lat' dir='ltr'><strong>quibus</strong></span> <span class='ocrx_word' id='word_1_311' title='bbox 2035 4075 2411 4143; x_wconf 81' lang='lat' dir='ltr'><strong>nominibus</strong></span> <span class='ocrx_word' id='word_1_312' title='bbox 2439 4098 2651 4166; x_wconf 82' lang='lat' dir='ltr'><strong>prae-</strong></span> <span class='ocrx_word' id='word_1_313' title='bbox 2715 4098 2716 4105; x_wconf 53' lang='lat'>¹</span> 
     </span>
     <span class='ocr_line' id='line_1_38' title="bbox 415 4168 2649 4269; baseline 0.005 -33"><span class='ocrx_word' id='word_1_314' title='bbox 415 4168 736 4237; x_wconf 81' lang='lat' dir='ltr'><strong>ferendae</strong></span> <span class='ocrx_word' id='word_1_315' title='bbox 811 4173 939 4238; x_wconf 89' lang='lat' dir='ltr'><strong>sint</strong></span> <span class='ocrx_word' id='word_1_316' title='bbox 998 4173 1379 4242; x_wconf 87' lang='lat' dir='ltr'><strong>institutioni</strong></span> <span class='ocrx_word' id='word_1_317' title='bbox 1432 4176 1557 4243; x_wconf 88' lang='lat' dir='ltr'><strong>sub</strong></span> <span class='ocrx_word' id='word_1_318' title='bbox 1608 4196 1748 4243; x_wconf 88' lang='lat' dir='ltr'><strong>uno</strong></span> <span class='ocrx_word' id='word_1_319' title='bbox 1801 4179 2125 4269; x_wconf 81' lang='lat' dir='ltr'><strong>magistro</strong></span> <span class='ocrx_word' id='word_1_320' title='bbox 2168 4186 2424 4245; x_wconf 90' lang='lat' dir='ltr'><strong>tantum</strong></span> <span class='ocrx_word' id='word_1_321' title='bbox 2471 4178 2649 4247; x_wconf 83' lang='lat' dir='ltr'><strong>intra</strong></span> 
     </span>
    </p>
   </div>
   <div class='ocr_carea' id='block_1_3' title="bbox 413 4258 2644 4455">
    <p class='ocr_par' dir='ltr' id='par_1_5' title="bbox 413 4258 2644 4455">
     <span class='ocr_line' id='line_1_39' title="bbox 413 4258 2643 4363; baseline 0.011 -33"><span class='ocrx_word' id='word_1_322' title='bbox 413 4258 717 4357; x_wconf 72' lang='lat' dir='ltr'><strong>privatos</strong></span> <span class='ocrx_word' id='word_1_323' title='bbox 750 4271 1042 4356; x_wconf 86' lang='lat' dir='ltr'><strong>parietes</strong></span> <span class='ocrx_word' id='word_1_324' title='bbox 1081 4286 1437 4359; x_wconf 86' lang='lat' dir='ltr'><strong>parentum</strong></span> <span class='ocrx_word' id='word_1_325' title='bbox 1481 4276 1942 4363; x_wconf 86' lang='lat' dir='ltr'><strong>cohibendae,</strong></span> <span class='ocrx_word' id='word_1_326' title='bbox 2013 4280 2384 4349; x_wconf 86' lang='lat' dir='ltr'><strong>edisserere</strong></span> <span class='ocrx_word' id='word_1_327' title='bbox 2422 4281 2643 4353; x_wconf 76' lang='lat' dir='ltr'><strong>latius,</strong></span> 
     </span>
     <span class='ocr_line' id='line_1_40' title="bbox 416 4363 2644 4455; baseline 0.011 -25"><span class='ocrx_word' id='word_1_328' title='bbox 416 4363 709 4431; x_wconf 85' lang='lat' dir='ltr'><strong>Pulchre</strong></span> <span class='ocrx_word' id='word_1_329' title='bbox 758 4366 895 4431; x_wconf 90' lang='lat' dir='ltr'><strong>hoc</strong></span> <span class='ocrx_word' id='word_1_330' title='bbox 937 4368 1069 4433; x_wconf 88' lang='lat' dir='ltr'><strong>iam</strong></span> <span class='ocrx_word' id='word_1_331' title='bbox 1107 4375 1400 4441; x_wconf 87' lang='lat' dir='ltr'><strong>ostendit</strong></span> <span class='ocrx_word' id='word_1_332' title='bbox 1436 4371 1594 4444; x_wconf 76' lang='lat' dir='ltr'><strong>artis</strong></span> <span class='ocrx_word' id='word_1_333' title='bbox 1633 4383 1966 4450; x_wconf 87' lang='lat' dir='ltr'><strong>oratoriae</strong></span> <span class='ocrx_word' id='word_1_334' title='bbox 2000 4391 2071 4450; x_wconf 91' lang='lat' dir='ltr'><strong>et</strong></span> <span class='ocrx_word' id='word_1_335' title='bbox 2108 4385 2320 4451; x_wconf 84' lang='lat' dir='ltr'><strong>omnis</strong></span> <span class='ocrx_word' id='word_1_336' title='bbox 2365 4387 2644 4455; x_wconf 86' lang='lat' dir='ltr'><strong>omniuo</strong></span> 
     </span>
    </p>
   </div>
   <div class='ocr_carea' id='block_1_4' title="bbox 2711 2216 2720 2921">
    <p class='ocr_par' dir='ltr' id='par_1_6' title="bbox 2711 2216 2720 2921">
     <span class='ocr_line' id='line_1_41' title="bbox 2711 2216 2720 2921; baseline 0 0"><span class='ocrx_word' id='word_1_337' title='bbox 2711 2216 2720 2921; x_wconf 95' lang='lat' dir='ltr'><strong> </strong></span> 
     </span>
    </p>
   </div>
  </div>
 </body>
</html>
