2725 4859
469 290 521 359 2
608 275 680 322 ‘⁰³
710 269 817 357 ‘u'n'
832 266 1519 356 &mamni-roni
1561 305 2058 356 nmsrommm
2096 304 2461 353 crcnaorns

471 446 740 517 nomina
753 496 774 533 ,
851 446 966 536 qui
1006 445 1528 539 disputationem
1581 466 1666 514 ex
1702 443 2122 512 interioribus
2164 443 2608 512 Graecorum
2651 453 2721 510 et

470 551 865 620 Latinorum
916 550 1147 617 litteris
1190 550 1669 641 depromentes
1686 599 1707 635 ,
1786 556 1856 613 et
1881 555 1954 614 ut
1995 546 2220 616 locum
2263 569 2348 614 ex
2388 545 2721 614 universa

473 653 861 743 antiquitate
886 662 1003 720 aut
1026 653 1237 720 veteri
1259 652 1535 720 historia
1575 649 1974 719 illustrantes
1999 651 2107 718 vel
2136 649 2463 739 peculiari
2502 647 2721 718 alicui

414 764 459 828 4
476 755 809 824 Graeciae
851 764 967 823 aut
990 755 1165 822 Latii
1190 757 1432 823 veteris
1459 754 1766 847 scriptori
1791 773 2074 845 operam
2101 763 2452 838 navantes,
2511 752 2721 842 peri-

473 859 697 930 culum
741 858 1057 927 fecissent
1095 882 1358 944 earum,
1441 881 1608 947 quas
1650 859 1718 928 in
1758 855 2122 926 tractandis
2175 854 2721 942 evolvendisqae

471 961 805 1029 veteribus
848 962 1276 1053 collegerint,
1330 955 1592 1034 virium.
1691 959 2028 1029 Videbam
2071 957 2267 1045 alios,
2328 955 2446 1047 qui
2473 953 2721 1024 diver-⁴

470 1087 615 1132 sam
655 1065 743 1133 ab
783 1065 887 1133 his
926 1065 1104 1132 viam
1144 1061 1427 1157 ingressi
1465 1063 1556 1132 ad
1595 1061 1667 1131 id
1706 1072 2214 1155 argumentum,
2302 1059 2495 1149 quod
2545 1081 2720 1127 eumz

470 1167 760 1235 maxime
795 1166 1145 1236 hominum
1186 1168 1602 1237 sermonibus
1639 1171 1707 1234 et
1730 1167 1991 1258 seriptis
2020 1166 2518 1254 frequentatur,
2561 1159 2720 1230 ani&

471 1293 657 1338 mum
699 1269 1124 1356 adiecissent,
1189 1281 1257 1339 et
1295 1270 1386 1339 de
1421 1292 1788 1363 puerorum
1814 1293 1894 1337 ac
1917 1266 2269 1337 iuventutis
2297 1265 2720 1333 educatione}

474 1382 544 1440 et
579 1373 983 1440 institutione
1023 1375 1116 1441 ita
1159 1373 1642 1465 disputassent,
1715 1382 1792 1441 ut
1833 1374 1941 1441 vel
1973 1372 2040 1438 in
2066 1371 2481 1454 uuiversum,
2535 1367 2713 1457 quid

474 1476 600 1543 sibi
641 1498 722 1542 ea
762 1475 852 1544 de
890 1499 965 1543 re
1004 1477 1384 1563 videretur,
1442 1476 1800 1568 diligenter
1825 1483 2274 1567 exponerent,
2327 1472 2437 1538 vel
2466 1471 2720 1563 singu—2

472 1578 680 1645 larem
729 1575 1019 1666 aliquam
1046 1579 1424 1647 uberrimae
1445 1578 1644 1647 huius
1672 1578 2015 1648 doctrinae
2041 1587 2306 1670 partem
2334 1597 2417 1642 ex
2442 1574 2720 1666 ingenti}

474 1680 746 1748 cumulo
799 1681 1175 1750 delibarent
1225 1692 1290 1750 et
1342 1683 1724 1776 seligerent.
1824 1682 1961 1749 Diu
2008 1679 2216 1772 igitur
2281 1676 2720 1768 multumque

472 1781 646 1851 haec
691 1782 914 1852 animo
945 1786 1215 1879 agitanti
1245 1786 1469 1878 potior
1494 1785 1769 1853 tandem
1794 1785 1934 1852 visa
1964 1792 2066 1851 est
2090 1781 2414 1850 sententia
2439 1802 2720 1867 eorum,

473 1887 588 1976 qui
629 1886 955 1957 eiusmodi
994 1888 1327 1957 scribendi
1372 1889 1721 1958 occasione
1751 1885 1875 1956 sibi
1929 1883 2155 1955 oblata
2205 1885 2298 1952 ita
2336 1873 2720 1962 merentum}

473 1999 548 2058 ut
575 1989 663 2057 ad
707 1989 1173 2082 explicandam
1200 1993 1491 2081 aliquam
1518 1991 1935 2060 institutionis
1961 1988 2258 2057 iuvenilis
2284 1996 2559 2079 partem
2587 1987 2710 2054 sti-

474 2093 613 2159 lum
656 2114 845 2160 suum
893 2093 1305 2180 conferrent,
1374 2104 1473 2182 et,
1531 2095 1584 2162 si
1624 2093 2165 2185 quidhabereut,
2219 2090 2405 2180 quod
2431 2089 2547 2156 vel
2575 2085 2720 2158 sol-3

474 2191 701 2262 lertius
729 2196 815 2261 ab
846 2193 1003 2286 ipsis
1045 2198 1498 2288 excogitatum
1525 2199 1635 2266 vel
1661 2197 1749 2264 ad
1777 2197 2060 2264 aliorum
2085 2193 2563 2272 beneinventa
2592 2215 2720 2272 sua:

474 2318 688 2388 opera
714 2297 1017 2366 additum
1045 2309 1250 2385 esset,
1319 2323 1476 2368 cum
1501 2301 1640 2369 aliis
1668 2301 1960 2391 benigue
1990 2309 2058 2367 et
2081 2298 2368 2366 libenter
2393 2318 2712 2365 commu-

473 2398 790 2468 nicarent.
895 2399 1091 2470 Licet
1127 2404 1301 2469 enim
1345 2425 1483 2495 ego
1524 2405 1578 2472 is
1618 2426 1756 2471 non
1786 2403 1941 2490 sim,
2009 2403 2125 2492 qui
2168 2401 2453 2469 aliorum
2478 2399 2720 2494 laudi-3

475 2500 600 2569 bus
641 2499 998 2571 detrahere
1043 2513 1111 2573 et
1153 2505 1400 2573 meritis
1449 2503 1747 2590 illorum,
1801 2505 1915 2596 qui
1942 2504 2295 2573 occasione
2337 2502 2498 2570 data
2522 2525 2570 2569 e
2602 2501 2720 2596 ¹³³·ss

472 2603 607 2672 vite
645 2604 1030 2692 eruditionis
1066 2629 1230 2675 suae
1269 2632 1454 2700 penu
1496 2607 1821 2678 reconditi
1862 2603 2113 2697 aliquid
2152 2617 2221 2674 et
2261 2603 2450 2696 quod
2478 2607 2720 2686 ηοω-ξ

472 2729 630 2775 nam
671 2708 884 2776 oleret
930 2703 1337 2802 depromere
1378 2720 1798 2804 sategerunt,
1854 2712 2236 2786 obtrectare
2281 2710 2519 2796 velim,
2577 2709 2720 2798 rie—J

474 2809 613 2879 scio
654 2820 879 2881 tamen
923 2814 1270 2901 quomodo
1317 2815 1534 2906 magis
1579 2811 1741 2882 mihi
1767 2813 2060 2881 arrideat
2086 2803 2720 2896 eorumsentenug}

474 2913 589 3002 qui
628 2914 695 2980 in
738 2911 1057 2982 obeundo
1102 2939 1409 3003 munere,
1477 2915 1662 3005 quod
1700 2926 1913 2984 totum
1953 2915 2039 2983 ab
2083 2914 2466 2982 erudiendis
2500 2924 2576 2982 et
2601 2915 2721 3000 iti-3

470 3014 840 3082 formandis
880 3016 1120 3085 teneris
1167 3015 1694 3088 adolescentium
1741 3019 1979 3087 animis
2020 3018 2348 3111 pendeat,
2431 3040 2519 3085 ex
2569 3013 2720 3084 hac*

468 3117 619 3208 ipsa
660 3117 1114 3200 remateriem
1142 3121 1266 3189 sibi
1299 3132 1594 3205 sumant,
1649 3132 1719 3190 et
1743 3146 1942 3210 quam
1970 3123 2296 3190 rationem
2323 3122 2390 3187 in
2421 3119 2564 3190 hac
2599 3121 2710 3189 vd

460 3219 582 3302 illa
624 3218 1044 3290 institutionis
1085 3235 1281 3315 parte
1330 3205 1689 3293 ineundam
1731 3225 1860 3292 sibi
1896 3225 2230 3317 putarint,
2282 3223 2352 3290 in
2398 3219 2720 3314 medium}

469 3321 816 3392 conferant
842 3335 910 3392 et
934 3339 1337 3418 proponant.
1448 3327 1655 3412 Quod
1685 3327 1955 3417 quidem
1985 3323 2315 3396 scribendi
2343 3348 2572 3418 genus
2605 3329 2720 3394 vi-;

466 3425 590 3511 ris,
662 3427 778 3515 qui
816 3428 883 3494 in
924 3429 1027 3496 his
1054 3430 1511 3521 principatum
1537 3441 1800 3510 tenent,
1854 3431 1959 3498 vel
1990 3430 2275 3550 traxime
2308 3429 2720 3520 probatum-q

466 3549 840 3618 eorumque
891 3533 1280 3600 auctoritate
1331 3543 1401 3600 et
1454 3536 1737 3603 consiliis
1786 3535 2132 3624 insigniter
2178 3539 2582 3623 promotum
2645 3545 2710 3602 et

466 3617 766 3699 adiutum
797 3655 980 3724 esse,
1049 3637 1202 3702 satis
1232 3645 1491 3703 constat
1515 3637 1613 3727 *).
1721 3635 1880 3720 Quo
1927 3636 2182 3702 facilius
2213 3633 2530 3723 equidem
2582 3657 2720 3718 ves

602 3828 652 3894 ¹⁸²)
688 3826 784 3880 Sic
826 3826 1201 3891 Resewitzius,
1251 3828 1332 3881 cui
1367 3829 1581 3895 merito,
1628 3828 1873 3898 quicquid
1910 3833 1990 3882 est
2027 3827 2282 3882 hominum
2317 3817 2720 3894 eleganssomss

461 3893 519 3948 in
553 3896 723 3964 patria
758 3904 965 3962 nostru,
1016 3897 1357 3967 principatum
1394 3901 1447 3952 in
1485 3899 1563 3950 his
1603 3900 1876 3962 deferunt,
1925 3898 1982 3954 in
2013 3898 2175 3962 libro,
2224 3914 2377 3966 quem
2412 3893 2720 3974 nunquam}

463 3963 562 4014 nisi
616 3964 819 4016 doctior
855 3966 921 4016 ab
957 3985 1019 4018 eo
1057 3968 1357 4034 discedens,
1410 3968 1475 4021 de
1510 3968 1741 4021 manibus
1779 3968 1977 4036 depono
2026 3968 2379 4035 (Gedankcn,
2426 3966 2720 4032 lVssnscItt3

460 4029 575 4083 und
622 4033 949 4104 Vorschlc'ige
986 4043 1085 4087 cet.
1144 4037 1256 4090 Vol.
1288 4038 1356 4092 ΙΙ.
1396 4037 1458 4090 P.
1489 4037 1557 4092 11.
1594 4053 1645 4106 p.
1665 4035 1778 4102 72.)
1816 4043 1993 4105 optat,
2029 4049 2090 4088 ut
2124 4036 2330 4104 plureS,
2368 4034 2463 4101 qui
2499 4036 2720 4096 scholis

464 4101 703 4182 regendis
734 4103 995 4170 praesint,
1031 4104 1278 4162 eiusmodi
1310 4107 1524 4160 consilia
1554 4107 1605 4158 in
1636 4107 1856 4159 medium
1886 4106 2171 4158 conserant.
2243 4107 2418 4170 Atque
2451 4102 2562 4155 boc
2578 4107 2698 4168 erit,

464 4186 563 4224 nisi
598 4171 787 4234 fallor,¹
815 4171 903 4222 via
939 4173 1195 4225 tutissima
1231 4181 1285 4227 et
1319 4175 1734 4244 expeditissima,
1773 4193 1895 4242 qua,
1931 4174 2246 4242 procedente
2281 4181 2537 4240 tempure,
2575 4174 2720 4240 illue¹

462 4239 671 4289 tandem
718 4239 1103 4305 perveniemus,
1158 4248 1219 4292 ut
1261 4245 1499 4295 meliores
1529 4245 2038 4313 fructuosior-esque,
2094 4260 2248 4312 quam
2285 4240 2456 4294 adhuc
2492 4239 2720 4302 factum}

461 4312 571 4368 est,
627 4307 781 4365 libri,
830 4322 958 4370 quos
991 4315 1209 4370 vocant,
1257 4313 1574 4373 methodici,
1616 4312 1729 4362 sive
1762 4313 1826 4363 de
1862 4312 2103 4364 methodo
2141 4318 2194 4363 et
2229 4310 2431 4364 ratione
2467 4312 2720 4364 tradem}

458 4369 637 4422 darum
671 4371 1079 4436 disciplinarum,
1118 4375 1303 4425 confici
1340 4380 1553 4443 possint.
1799 4375 1808 4382 ’
2719 4373 2720 4380 ¹
