2725 4859
904 326 1085 375 saun
1129 325 1465 375 vernans.
2131 306 2286 383 338

22 464 250 560 quod
300 462 576 537 uberius
624 461 1021 554 aliquando,
1074 463 1135 535 si
1177 463 1386 535 otium
1439 464 1773 556 suppetit,
1825 463 2281 541 declaraturus
2302 479 2347 545 9

21 594 244 660 sum,
297 568 661 639 maximum
696 568 762 639 in
787 588 865 638 re
890 566 1155 641 scenica
1180 567 1563 637 lonicorum
1598 575 1666 641 et
1689 568 2115 641 Doriensium
2143 571 2286 643 dis-

28 815 320 873 Attieismi
353 820 594 870 exactore
617 814 650 869 1
667 854 684 879 ,
730 814 783 872 7.
831 813 972 886 qnod
1015 812 1266 882 μίμημα,
1316 816 1674 883 προσωπεῖον
1708 816 1930 888 explicat
1974 802 2285 885 Hesychius,

28 889 116 941 ab
153 902 229 940 aa
254 887 269 901 ’
308 902 375 938 no
412 885 607 951 δείκω,
642 882 904 950 ἐπίδειξις
943 892 1041 940 cet.
1112 884 1247 937 Nam
1282 896 1411 937 vera
1453 884 1596 943 salsis
1632 885 1807 939 miscet
1838 886 2186 955 Etymologus
2230 888 2284 940 in

32 957 217 1009 docta
319 955 493 1025 ‘oquin
533 954 872 1025 explicatione
919 952 1119 1024 p.260,
1168 952 1254 1010 28.
1305 960 1359 1005 et
1439 954 1492 1006 ui
1537 970 1604 1007 ex
1651 954 1831 1007 eodem
1865 957 2010 1008 fonte
2048 957 2283 1023 hausere.

34 1025 175 1079 Hoc
209 1025 468 1079 vocabulo
502 1023 697 1077 mimica
730 1022 1026 1093 spectacula
1058 1020 1377 1091 appellarunt
1454 1038 1668 1087 aeones,
1702 1030 1757 1076 et
1789 1022 1992 1077 mimum
2026 1026 2283 1079 δεικελίκ-

34 1112 194 1161 ταν,
255 1093 343 1145 v'el
376 1100 511 1162 qnae
545 1092 699 1145 docta
732 1093 1142 1153 eac'coniectura
1172 1092 1410 1155 ,albertis
1442 1092 1509 1145 ad
1543 1093 1775 1159 Hesych.
1808 1093 1876 1145 Τ.
1896 1094 1938 1147 1.
1988 1093 2188 1160 c.995‚
2227 1094 2283 1153 8»

40 1160 368 1230 δικηλίταρ.
438 1161 583 1215 Nota
612 1167 694 1214 est
720 1168 776 1214 et
803 1178 961 1231 saepe
987 1161 1258 1213 decantata
1292 1148 1649 1231 voxssgesilai
1671 1162 1736 1213 ad
1770 1161 1902 1214 Calli
1941 1162 2110 1231 pidem
2139 1170 2288 1215 acto—

36 1246 164 1286 rem
198 1231 480 1299 tragicum:
534 1224 607 1284 ov'
643 1227 711 1283 τὺ
766 1225 881 1283 ἔσσι
921 1227 1266 1288 Καλλιπίδας
1313 1223 1344 1283 ὁ
1388 1226 1756 1296 decanatus-am
1792 1247 1823 1281 a
1862 1248 1894 1282 u
1957 1232 2287 1286 Plutarchum

40 1304 95 1356 A
175 1300 325 1372 phth.
359 1298 550 1354 Lacon.
601 1317 652 1369 p.
675 1296 790 1356 127.
837 1316 885 1351 a.
920 1299 1069 1363 Bas„
1136 1296 1254 1350 Nec
1288 1297 1497 1367 dubito,
1552 1298 1673 1367 quin
1719 1299 1771 1350 in
1853 1300 2073 1355 acchicis
2123 1300 2286 1355 sacris

46 1371 86 1386 “
129 1388 214 1423 em
249 1367 384 1423 mimi
419 1370 644 1435 Satyros
674 1368 1004 1431 saltaverint,
1040 1366 1177 1418 unde
1251 1367 1476 1419 aululum
1526 1385 1558 1419 a
1594 1366 1756 1437 priori
1790 1365 1993 1420 deflexo
2033 1370 2288 1423 vocabulo

42 1436 400 1492 Δενκαλίδαι
436 1433 723 1506 (Σάτυροι
755 1432 980 1507 explicat
1010 1434 1193 1502 Hesyc
1247 1436 1333 1504 us)
1367 1430 1619 1488 Δευοὶὂαι
1650 1432 1892 1506 appellati
1923 1447 2065 1503 sunt,
2100 1437 2152 1492 in
2219 1454 2288 1492 ua

46 1525 193 1591 ypee
221 1506 524 1577 explicanda
552 1507 797 1559 haerebat
824 1511 944 1589 post
959 1504 1320 1577 Casanbonum
1348 1505 1734 1561 Valckenarius
1757 1505 1830 1588 ad
1845 1506 2116 1590 Theocriti
2139 1508 2187 1563 A
2223 1523 2285 1561 ο-

46 1574 448 1700 fflffii.
482 1574 1415 1724 Kffi‘ssiffiffisstffss'ss‘ufflffisssssss?
1423 1578 2287 1713 ,233333353‘33332202221

47 1712 238 1784 μάτια
274 1713 330 1767 in
363 1713 638 1769 Clisthenis
671 1712 984 1783 nuptialibus
1017 1712 1269 1767 conviviis
1300 1712 1516 1780 triginta
1544 1713 1673 1765 fere*
1697 1718 1859 1766 anxios
1901 1720 2026 1769 ante
2051 1715 2197 1768 Thes
2234 1713 2249 1727 ⁰

52 1789 424 1838 commemorat
469 1781 762 1835 Herodotus
792 1780 900 1846 VI,
952 1781 1069 1836 129.
1121 1797 1236 1834 cum
1281 1790 1407 1832 nota
1464 1782 1678 1835 lVessel.
1715 1779 2076 1844 Λακωνιστᾶς
2122 1801 2154 1836 e
2239 1783 2287 1834 i-

52 1870 208 1907 maeo
241 1851 419 1904 laudat
449 1852 633 1904 Athen.
649 1852 746 1918 IV,
779 1848 865 1905 27.
904 1867 955 1919 p.
974 1850 1092 1903 181.
1112 1851 1192 1903 .C.
1264 1849 1343 1902 Et
1373 1848 1489 1932 quis
1522 1849 1728 1919 ignorat
1757 1850 2075 1923 Hyacinthia
2109 1859 2162 1903 et
2193 1869 2286 1918 yv-

48 1919 431 1990 amano-slas
457 1921 748 1985 Laconum,
780 1919 966 1988 quibu‘s
999 1916 1322 1987 Pyrrhichae
1355 1928 1460 1973 ritu
1493 1918 1757 1972 desaltatis
1789 1920 2124 1975 Aristoxenus
2156 1921 2288 1973 scri-

54 1992 142 2047 bit
170 1991 449 2045 saltatores
481 1985 710 2052 εἰςιέναι
737 1988 817 2049 εἰς
843 1981 909 2041 τὸ
942 1985 1222 2055 θέατρον,
1262 1988 1442 2042 Athen.
1463 1987 1613 2053 XIV,
1648 1986 1699 2041 7.
1745 2004 1798 2056 p,
1816 1986 1937 2041 631.
1986 1989 2046 2044 C.
2117 1989 2290 2043 Locus

52 2059 219 2115 valde
251 2058 510 2112 notabilis.
580 2054 695 2111 Hos
722 2058 908 2110 choros
936 2056 1086 2109 duxit
1113 2053 1381 2123 χοραγὸς,
1417 2056 1511 2109 sed
1529 2072 1589 2108 ea
1617 2055 2022 2123 significatione,
2057 2074 2159 2129 qua
2179 2060 2289 2110 Do:-

54 2147 149 2184 res
184 2129 319 2183 hanc
354 2145 532 2180 vocem
568 2127 931 2196 accipiebant,
957 2124 1025 2179 de
1056 2142 1162 2207 qua
1195 2125 1352 2178 docta
1385 2132 1472 2176 est
1494 2131 1618 2178 nota
1649 2126 2038 2180 Hensterhusis‘
2069 2126 2136 2179 ad
2165 2127 2289 2181 Ari-

54 2199 237 2267 stoph.
272 2197 408 2251 Plut.
443 2216 494 2268 p.
512 2196 632 2250 332.
705 2198 915 2269 Operae
958 2202 1175 2263 pretium
1208 2210 1349 2247 -sane
1390 2195 1621 2247 facturus
1664 2202 1831 2264 esset,
1882 2196 1972 2266 qui
2013 2213 2043 2248 e
2074 2196 2291 2249 Polluce

55 2274 119 2322 et
146 2267 413 2320 'Athenaeo
459 2264 733 2318 Laconicas
764 2262 1063 2317 saltationes
1098 2260 1399 2332 colligeret,
1439 2280 1489 2316 v.
1526 2280 1569 2318 c.
1608 2262 1834 2332 βίβοῖσιν
1852 2303 1868 2331 ,
1898 2262 2170 2331 μόθωνα,
2205 2264 2289 2318 δι-

54 2334 304 2402 ποδίαν,
354 2333 642 2405 βνλλίχας,
690 2331 834 2386 κάλα
874 2351 963 2400 ιν,
1024 2330 1276 2402 ἰθύμβον
1311 2339 1368 2385 et
1397 2342 1643 2407 sexcenta
1685 2331 1818 2399 alia,
1871 2349 2006 2402 quae
2037 2333 2203 2388 latent
2232 2334 2290 2387 in

56 2404 357 2474 Hesychia,
393 2402 753 2472 Etymologico
852 2442 866 2455 .
907 2410 962 2455 et
994 2400 1360 2463 Grammaticis
1376 2441 1393 2467 ‚
1428 2417 1461 2453 a
1497 2400 1725 2457 Mem-sio
1758 2401 1813 2454 in
1849 2403 2138 2457 Orchestra
2164 2420 2291 2474 par-

60 2474 155 2528 tim
190 2473 431 2557 collecta,
483 2471 670 2543 partim
707 2471 955 2541 neglecta.
1043 2469 1180 2523 Hinc
1225 2470 1381 2523 multa
1415 2470 1808 2539 gesticulatione
1828 2478 2078 2552 fantum,
2130 2473 2292 2556 multa

58 2546 1021 2666 ffihssez‘t‘ssgffizsffiffissffi
1046 2539 1760 2678 fsssssssstsspssffgss‘isoss‘qiss
1792 2540 2291 2681 ‘31223503325323

61 2682 122 2734 in
158 2697 362 2733 scenam
398 2679 797 2750 prodeuntibus,
833 2694 984 2747 quem
1027 2677 1193 2730 locum
1227 2695 1386 2747 saepe
1426 2694 1521 2747 pro
1557 2694 1618 2730 se
1648 2676 1926 2729 laudarunt
1955 2677 2055 2745 illi,
2089 2678 2182 2748 qui
2212 2678 2314 2737 ria

61 2749 235 2802 diculo
278 2757 469 2802 conatu
503 2747 795 2800 mulieribus
840 2746 996 2799 etiam
1018 2748 1023 2753 ‘
1042 2753 1218 2816 partes
1264 2745 1317 2798 in
1364 2744 1584 2799 theatris
1629 2744 2012 2799 Atheniensium
2054 2747 2292 2800 vindica-,-

62 2825 205 2875 runt.
272 2816 557 2870 Notissima
589 2824 708 2869 sunt
741 2816 1094 2869 Lacaenarum
1127 2814 1298 2867 studia
1324 2813 1523 2877 virilia,
1556 2813 1623 2867 ab
1669 2814 2012 2885 Aristophane
2043 2816 2096 2868 in
2128 2814 2292 2885 Lysi-

64 2892 232 2943 strata
252 2886 395 2941 ‘salse
429 2885 632 2954 derisa,
680 2893 734 2937 et
771 2884 836 2938 ab
878 2884 1065 2936 Atticis
1102 2880 1207 2935 scri
1244 2882 1439 2935 toribus
1474 2881 1720 2950 (Platone
1755 2892 2012 2953 excepto,
2046 2884 2189 2940 cuius
2225 2885 2293 2937 li·-

66 2959 166 3011 ber
188 2954 315 3011 Vll.
343 2955 408 3007 de
442 2954 605 3025 Legg.
641 2953 853 3006 multum
886 2951 1129 3023 proderit„
1158 2901 1239 3004 aci)
1270 2952 1401 3004 haec
1439 2950 1787 3006 Lacaenarum
1830 2952 2064 3006 instituta
2095 2971 2293 3024 cogno-3

60 3024 285 3091 scerida)
321 3023 569 3077 acerrime
600 3023 790 3092 ubique
831 3020 1161 3092 reprehensa.
1233 3020 1323 3072 Sic
1372 3037 1507 3090 quae
1546 3021 1717 3074 nudae
1749 3022 2026 3075 saltassent
2063 3023 2293 3093 virgines

147 3095 238 3150 lut.
270 3092 322 3144 in
356 3090 581 3160 Lycurg.
608 3092 692 3145 14.
728 3110 779 3174 p.
799 3090 920 3144 213.
960 3090 1242 3158 Leopold),
1279 3089 1480 3142 mimum
1507 3090 1732 3159 agebant
1763 3091 1948 3145 viduae
1978 3090 2034 3145 in
2067 3092 2291 3153 theatro.

127 3181 173 3217 is
206 3160 576 3231 Spartanorum
608 3158 793 3213 studiis
825 3158 1043 3214 scenicis
1081 3158 1181 3211 rite
1216 3158 1455 3229 expensis
1493 3176 1526 3212 a
1557 3157 1896 3227 μητροπόλει
1929 3163 2292 3216 transeundum

69 3237 211 3285 esset
240 3230 306 3282 ad
342 3229 688 3295 Tarentinos,
725 3228 862 3300 apud
953 3245 1044 3281 uos
1078 3228 1251 3281 statim
1298 3227 1449 3281 nobis
1485 3228 1710 3281 occurrit
1757 3228 2198 3300 ἱλαροτραγῳδία
2237 3234 2294 3285 et

70 3299 439 3363 Rhinthonica,
464 3298 675 3353 mixtum
692 3316 723 3351 e
740 3297 901 3351 mimis
970 3296 1243 3350 oriensium
1262 3303 1314 3350 et
1330 3296 1517 3351 fabulis
1597 3298 1789 3352 avioris
1806 3299 2095 3367 argumenti
2109 3316 2293 3369 genus.

72 3368 203 3423 Vide
217 3368 329 3423 loca
345 3383 378 3419 a
395 3369 602 3439 Capeto
622 3365 874 3420 conducta
891 3367 1219 3434 Observat.1,
1242 3367 1323 3419 12.
1345 3384 1395 3436 p.
1410 3365 1546 3420 74-
1581 3365 1631 3421 8.
1670 3367 1776 3420 Sed
1793 3385 1942 3437 quem
1956 3368 2056 3422 iste
2074 3377 2130 3422 et
2149 3371 2291 3423 Tou-

69 3437 582 3575 ssit‘nfflffi‘itmf·
601 3433 2294 3574 fflffizffssssff‘ssss‘ississ“vffissqffiffiffiffl‘ffl}

74 3576 269 3629 suiore
294 3582 470 3629 aetate
494 3505 602 3628 sue
623 3574 922 3627 Ptolemaeo
953 3573 1119 3641 Lagi,
1152 3572 1241 3626 sed
1271 3576 1503 3625 veterum
1534 3572 1927 3629 Tarentinorum
1956 3593 2144 3630 morem
2171 3583 2292 3628 tan-

73 3654 181 3698 tum
231 3644 299 3697 ad
348 3659 533 3696 novum
577 3641 933 3697 delectationis
983 3658 1147 3710 genus
1196 3641 1477 3695 scurriliter
1525 3641 1775 3710 detorsit3
1829 3642 2088 3711 φλύακας
2137 3643 2292 3710 enim,

73 3713 207 3768 unde
238 3710 673 3780 φλυακογράφος
707 3712 874 3765 dictus
909 3719 991 3763 est
1007 3711 1268 3763 Rhinthon
1284 3751 1302 3776 ,
1335 3709 1426 3763 illo
1457 3711 1612 3779 longe
1639 3712 1746 3764 anti
1781 3712 1960 3767 uiores
1983 3713 2145 3765 inisse
2180 3713 2294 3765 exi-
2333 3777 2348 3783 α

73 3784 235 3837 athno-
302 3781 576 3835 Caeterum
593 3820 610 3847 ,
645 3787 705 3834 ut
738 3782 836 3833 hoc
874 3779 1042 3832 obiter
1074 3796 1302 3832 moneam
1319 3818 1338 3844 ,
1365 3779 1737 3835 restituendum
1817 3781 2079 3834 hinthonis
2108 3798 2294 3834 nomen

74 3852 297 3907 nuzino
329 3849 500 3920 Tyrio
536 3850 674 3903 Diss.
704 3849 855 3903 xxl.
935 3887 948 3901 .
970 3848 1089 3901 402.
1125 3848 1206 3903 ed.
1244 3847 1423 3900 Reisk.
1459 3847 1551 3900 ubi
1584 3864 1853 3919 perperam
1895 3850 2063 3901 adhuc
2107 3848 2295 3919 legitur

75 3920 374 3990 φρυνίωνα.
447 3919 558 3973 Iam
606 3918 744 3988 quod
798 3917 864 3970 de
897 3867 1317 3970 {aedaemoniis
1356 3922 1413 3969 et
1446 3916 1750 3970 Tarentinis
1785 3916 1962 3987 paneis
1990 3924 2189 3973 tantum
2227 3921 2295 3974 li-

76 3990 187 4044 neis
217 3988 639 4056 deformavimus,
692 3987 881 4056 poterit
931 3986 1087 4038 etiam
1122 3986 1190 4038 ad
1230 3984 1532 4038 Corinthios
1565 3990 1621 4038 et
1652 3985 1858 4038 colonos
1887 3986 2092 4039 illorum
2125 3990 2297 4059 Syra·

77 4074 287 4112 cusanus
318 4056 602 4110 tramferri.
677 4056 784 4111 Sed
815 4070 1016 4107 aunum
1050 4056 1121 4109 de
1146 4055 1349 4108 tabula!
1386 4054 1555 4107 Unum
1587 4052 1750 4105 loonm
1775 4054 2043 4121 {adiecisse
2072 4057 2294 4125 iuvabit,

77 4129 168 4182 sed
198 4126 511 4197 praeclarum
547 4125 797 4179 Athenaei
817 4124 924 4188 IV,
960 4122 1045 4177 27.
1079 4142 1132 4205 p.
1164 4124 1278 4177 181.
1316 4125 1378 4176 C.
1416 4122 1504 4175 ubi
1550 4124 1714 4175 refert
1756 4120 1860 4192 τήν
1898 4125 2197 4196 Μουσικὴν
2232 4132 2302 4198 (ο

79 4198 209 4255 serie
222 4194 470 4251 orationis
491 4202 713 4266 apparet
727 4193 931 4247 Musam
958 4209 1208 4244 scenicam
1232 4193 1287 4245 in
1382 4192 1395 4205 '
1433 4192 1478 4259 i)
1510 4192 1661 4245 valde
1691 4192 1947 4249 diversam
1977 4196 2136 4250 fuisse
2222 4199 2295 4253 ud

80 4265 245 4323 varios
273 4260 531 4319 Graeciae
559 4263 792 4335 populos.
848 4261 1184 4315 Athenienses
1247 4267 1365 4315 raet
1464 4278 1523 4312 se
1550 4258 1733 4317 choros
1770 4263 2108 4335 Dionysiacos
2137 4272 2166 4338 (
2217 4270 2231 4284 “
2265 4286 2297 4325 a

78 4332 472 4405 τετραγώνους.
498 4333 750 4402 tragicos)
769 4335 825 4384 et
840 4330 1035 4398 cyclios
1053 4330 1114 4399 (i.
1135 4347 1180 4383 e.
1199 4278 1568 4412 dithyrambos,
1599 4326 2015 4402 ὑπορχήματα).
2055 4337 2295 4405 Syracu-

80 4422 228 4461 sanos
246 4420 367 4461 vero
384 4402 575 4473 primas
602 4401 805 4457 dedisse
835 4399 1025 4456 scurris
1038 4439 1056 4471 ,
1082 4398 1284 4473 ,iambos
1310 4415 1363 4454 m
1393 4399 1594 4457 theatro
1625 4403 1924 4473 agentibus,
1959 4405 2292 4477 ἰαμβισωῖς.
