2725 4859
803 252 1082 308 amm.
1127 255 1281 312 vm,
1326 248 1644 314 'oe-⁹³03.
2235 248 2335 324 53

78 395 395 462 mentm
442 388 722 468 Eudoxi
768 389 988 462 Cnidii
1040 393 1228 486 apud
1272 393 1527 466 Athen.
1569 396 1694 486 lx,
1728 396 1863 472 11.
1912 422 1987 493 p.
2021 398 2201 479 392.
2241 405 2329 483 E.

74 495 275 585 wod
300 494 593 587 egregie
614 494 963 566 illustravit
987 518 1274 590 magnus
1302 498 1732 571 lablonskius
1757 504 1827 574 in
1850 503 2158 576 Pantheo
2183 508 2331 579 Ae-

70 607 281 690 gypt.
308 597 399 686 V,
444 594 513 665 2.
541 620 616 689 p.
642 594 765 668 52.
791 621 934 689 seq.
1036 599 1187 669 Sed
1209 602 1393 670 salva
1415 624 1524 671 res
1553 613 1688 692 est,
1736 615 1807 692 et
1839 607 2129 699 pulchre
2152 634 2327 703 pro-

71 701 343 770 cedunt
364 701 637 788 omnia,
688 702 776 789 si,
832 700 1023 791 quod
1050 704 1140 772 ab
1162 704 1349 773 initio
1378 707 1615 797 posui,
1667 709 1895 780 omnia
1919 711 1986 780 in
2012 711 2115 782 his
2141 715 2327 785 refe-

68 804 297 874 roeda
335 826 489 873 esse
530 803 625 872 ad
662 802 955 893 Cacmn,
1006 805 1124 875 hic
1158 830 1436 897 quoque
1473 832 1712 882 sumas.
1789 893 1800 902 ,
1842 813 2120 884 Evomit
2156 818 2326 889 fumi

68 907 463 995 volumina,
538 908 825 978 flamuus
880 910 1242 996 commixta
1306 911 1549 985 Cacus.
1686 913 1858 1001 Quis
1908 921 2120 990 nescit
2169 921 2323 1013 Ty-

62 1010 393 1103 phoeum
434 1011 746 1103 ingentes
768 1012 1193 1082 flammarum
1214 1013 1467 1107 globos
1509 1016 1580 1104 iu
1606 1013 1985 1111 Olympum
2028 1022 2322 1093 iaculan-

68 1123 211 1183 tem
228 1165 261 1202 ,
314 1113 629 1204 deosque
650 1124 837 1186 metu
860 1116 1209 1207 perculsos
1249 1116 1340 1186 de
1364 1127 1542 1188 statu
1582 1117 2052 1192 deiicientem?
2089 1127 2320 1198 Pona-

60 1239 217 1308 mns
243 1217 501 1288 saltem
536 1239 767 1289 versus
810 1218 1341 1313 elegantissimos
1363 1219 1692 1314 Aeschyli
1732 1223 1801 1293 iu
1824 1225 2055 1296 Prom.
2095 1228 2316 1301 Vinct.

2393 1183 2436 1218 O

468 1412 720 1484 Τοιόνδε
781 1416 1002 1501 Τυφώς
1048 1422 1386 1501 ἐξαναζέσει
1437 1418 1622 1508 χόλον

457 1511 716 1588 θερμοῖς
760 1500 1070 1589 dubiam,
1121 1510 1320 1592 βέλεσι
1359 1506 1686 1595 πυρπνόου
1730 1506 1930 1595 ζάλης.

57 1626 176 1697 uhi
202 1625 415 1715 vide,
466 1648 641 1717 quos
664 1627 896 1697 laudat
919 1628 1320 1702 Schuetzius
1344 1632 1431 1704 V.
1459 1632 1566 1706 01.
1671 1631 1848 1703 Cum
1871 1635 2075 1728 igitur
2099 1658 2311 1727 quae-

52 1739 249 1799 reret
275 1730 605 1823 Virgilius
621 1781 644 1819 ,
699 1731 966 1822 ecquod
991 1732 1584 1806 factum‘Herculis
1611 1737 1795 1823 aliud
1819 1739 1889 1805 in
1914 1738 2166 1828 mythis
2191 1761 2314 1809 ve-

54 1833 327 1903 teribus
384 1843 816 1926 compararet
864 1857 1020 1904 cum
1070 1837 1406 1930 intrepida
1455 1839 1629 1908 illius
1680 1840 2069 1909 fortitudine
2085 1891 2107 1928 ,
2177 1863 2316 1930 qua

58 1935 343 2006 Cacum
400 1936 685 2006 flammis
727 1946 796 2006 et
836 1936 1002 2006 fumi
1056 1939 1347 2033 caligine
1389 1940 1774 2011 eludentem
1821 1943 2124 2036 impetus
2156 1966 2314 2015 suos

55 2041 531 2133 oppreaeerit‚
583 2039 812 2108 incidit
834 2043 1054 2109 statim
1088 2043 1157 2110 in
1181 2043 1599 2136 Typhoeum
1616 2095 1637 2132 ,
1690 2046 1873 2114 cuius
1891 2046 2314 2138 praeclaram

54 2154 125 2213 et
148 2142 257 2214 ad
278 2151 620 2211 terrorem
642 2142 1101 2214 incutiendum
1128 2148 1410 2239 egregie
1437 2149 1879 2241 compositam
1907 2148 2310 2241 descriptio-

51 2269 221 2316 nem
248 2246 324 2316 in
349 2245 765 2338 Theogonia
785 2246 1072 2316 Hesiodi
1097 2246 1504 2322 eze—8⁰.
1544 2251 1712 2342 (vid.
1736 2252 1963 2344 Heyn.
2001 2253 2070 2320 in
2099 2252 2311 2346 Com-

52 2357 275 2420 ment-
303 2347 562 2419 Societ.
592 2347 897 2445 Gotting.
925 2349 1016 2426 T.
1042 2351 1130 2440 11,
1167 2376 1239 2445 p.
1268 2351 1478 2445 151.)
1502 2352 1688 2425 haud
1716 2354 1922 2425 dubie
1948 2379 2157 2449 saepe
2183 2357 2309 2426 ad-

50 2455 353 2522 miratus
415 2452 655 2521 fuerat.
760 2454 911 2523 Nec
961 2455 1242 2524 multum
1288 2457 1618 2527 laboravit
1664 2458 1731 2527 iu
1783 2481 1868 2527 eo
1883 2509 1905 2547 ,
1984 2482 2311 2549 quasnam

49 2565 302 2650 partes
357 2555 641 2624 Herculi
702 2556 774 2625 in
819 2558 1084 2650 proelio
1151 2582 1307 2628 cum
1355 2561 1705 2654 Typhoeo
1758 2560 2310 2632 demandaverint

50 2659 297 2751 mythi
320 2659 750 2749 antiquiores,
792 2701 813 2723 ·
853 2657 1067 2731 Forte
1099 2662 1590 2732 recordabatur
1627 2664 1829 2732 etiam
1875 2665 2007 2731 loci
2031 2664 2336 2756 Euripi--

51 2763 181 2832 dei
228 2783 445 2854 supra
479 2762 549 2830 in
573 2763 747 2831 notis
790 2763 1045 2833 laudati
1087 2765 1157 2834 in
1177 2765 1388 2835 Herc.
1433 2766 1594 2838 Fur.
1624 2764 1847 2838 1271.
1891 2766 2010 2835 uhi
2037 2766 2312 2856 Geryo-

48 2889 235 2936 nem
286 2873 491 2958 vocat
537 2857 973 2957 τρισώματον
1013 2871 1316 2961 τυφῶνα
1361 2869 1512 2962 ipse
1558 2868 1913 2938 Hercules.
2015 2868 2312 2938 Pulchre

53 2970 278 3039 etiam
318 2966 459 3035 huc
498 2966 666 3036 facit
696 2991 924 3040 versus
953 2967 1181 3039 Ovidii
1195 3022 1216 3059 ,
1268 2973 1386 3061 qui
1426 2973 1649 3064 potuit
1688 2973 1921 3065 legere
1955 2970 2133 3041 haec
2155 2972 2311 3040 vir-

52 3072 251 3165 gaii,
297 3080 661 3161 autequam
687 3093 808 3149 sua
833 3072 1194 3160 scriberet,
1230 3075 1301 3142 in
1323 3075 1542 3143 Fastis
1560 3126 1581 3156 ,
1619 3077 2012 3167 loco-supra
2031 3074 2308 3146 laudato

53 3171 347 3248 v.2572.
375 3213 471 3226 —
486 3171 859 3268 flammas
886 3197 1016 3245 ore
1039 3184 1343 3246 sonante
1364 3177 1590 3247 vomit
1632 3177 1754 3269 (se.
1783 3177 2075 3270 Cacus),·
2121 3201 2308 3272 quas

58 3277 361 3371 quoties
400 3275 729 3372 proflat,
796 3277 1097 3372 spirare
1150 3279 1495 3374 Typhoea
1545 3282 1840 3352 credas.
1945 3280 2092 3351 Sed
2129 3281 2307 3351 haec

57 3381 424 3449 hactenus.
516 3380 674 3450 ,Aut
723 3382 1009 3474 egregie
1058 3382 1289 3470 fallor,
1355 3393 1472 3452 aut
1520 3406 1756 3452 omnes
1772 3435 1792 3470 ,
1862 3384 1979 3473 qui
2030 3384 2307 3474 quidem

58 3485 249 3552 haec
272 3482 709 3574 perpendere
749 3494 819 3553 et
842 3493 1161 3577 reputare
1200 3507 1431 3556 secum
1469 3487 1539 3555 in
1566 3488 1788 3555 auimo
1812 3486 2053 3573 velint,
2103 3487 2306 3556 facile

60 3586 239 3655 milri
265 3586 669 3677 largientur,
707 3588 1087 3679 respexisse
1106 3597 1383 3680 poetam
1399 3640 1421 3677 ,
1475 3612 1613 3679 quo
1639 3612 1838 3659 nemo
1863 3589 2100 3658 melius
2125 3588 2316 3667 red—-

62 3690 257 3759 dere
272 3711 643 3782 personae
666 3689 810 3759 scit
837 3691 1333 3762 commientia
1369 3715 1727 3784 quaeque,
1776 3693 1846 3758 in
1869 3689 2150 3781 singulis
2171 3689 2304 3781 hy-

62 3795 207 3863 mni
233 3793 437 3861 huius
461 3792 766 3885 partibus
790 3793 881 3862 ad
905 3793 1250 3863 victoriam
1279 3794 1372 3863 de
1398 3794 1586 3864 Caco
1612 3796 1701 3863 ab
1723 3792 2027 3868 Hercule
2053 3791 2304 3884 ubique

66 3896 442 3989 καλλινίκῳ
483 3905 922 3987 reportatam.
1029 3898 1243 3983 Quod
1282 3899 1337 3968 si
1376 3899 1525 3987 quis
1567 3898 1683 3984 sit,
1736 3895 1854 3987 qui
1893 3918 1980 3964 ne
2016 3896 2112 3966 sic
2148 3898 2301 3987 qui-

70 3999 234 4068 dem
260 3998 403 4067 hoc
426 3999 819 4090 persuaderi
845 3999 969 4068 sibi
992 4001 1282 4093 patiatur
1297 4053 1317 4088 ,
1360 4007 1743 4093 permutet,
1788 4021 2062 4090 quaeso,
2106 3999 2302 4089 haec,

73 4125 253 4191 quae
292 4111 451 4170 sunt
490 4103 646 4170 loco
687 4111 757 4172 et
799 4103 1093 4195 tempori
1128 4103 1747 4174 convenientissima
1763 4154 1784 4191 ,
1839 4126 1994 4173 cum
2033 4097 2175 4174 aliis
2218 4126 2301 4172 ex

74 4203 518 4300 δωδεκαθλίᾳ
570 4205 679 4274 vel
725 4205 1173 4298 undecunque
1221 4206 1498 4275 tandem
1561 4207 1818 4299 petitis,
1897 4204 2298 4296 (cuiusmodi
2318 4213 2406 4278 26

75 4310 288 4380 multa
324 4307 711 4403 promiscue
765 4318 1179 4406 exaggerata
1218 4317 1444 4382 extant
1477 4309 1547 4382 iu
1583 4311 1888 4410 Senecae
1926 4309 2293 4406 tragoediis
