2725 4859
501 307 552 375 4
748 326 843 374 nn
882 321 1556 373 imunt-rancun
1595 317 2094 370 urs-rocam
2131 317 2485 371 ermom

506 465 679 533 viam
706 471 1040 532 errantem
1078 459 1461 548 deducant,
1514 479 1849 528 memores
1889 457 2347 554 sapientissimi
2370 457 2531 528 illius
2551 457 2680 529 ναι-ζ

503 566 692 636 “enh
869 645 1055 725 σοφοὶ
1099 639 1333 724 σοφοὺς
1376 639 1701 721 σώζουσιν,
1749 637 1830 708 ὃν
1865 637 2018 708 εἰσιν
2064 645 2249 723 σοφοί
2275 645 2356 720 ¹⁶).
2679 725 2680 728 Ἴ

506 752 652 823 Sed
718 773 870 820 cum
923 753 1333 842 singularum
1351 796 1374 833 ,
1452 769 1630 839 quae
1679 750 1749 818 in
1800 749 2033 818 schola
2081 758 2311 818 nostra
2357 745 2680 826 traduntam

508 875 662 924 cum
690 855 1101 946 ling-uarum,
1153 862 1296 921 tum
1323 853 1745 922 scientiarum
1771 853 2203 939 enumeratio,
2246 850 2552 944 longioris
2571 847 2680 938 ῶε

508 957 868 1052 putationis
924 979 1070 1024 esse
1124 955 1464 1042 videatur,
1542 978 1744 1045 quam
1795 978 1971 1045 quae
2020 957 2092 1024 in
2150 955 2482 1047 augustias
2525 951 2680 1046 haias

511 1060 882 1153 scriptionis
939 1058 1184 1127 cadere
1232 1059 1482 1150 possit,
1551 1058 1739 1127 lubet
1789 1081 2000 1144 nunc,
2077 1059 2286 1151 paulo
2338 1053 2674 1125 arctioribus

508 1187 661 1233 eam
704 1163 1245 1232 circumscribere
1270 1161 1588 1230 limitibus
1612 1171 1683 1229 et
1706 1163 2022 1253 exiguam
2056 1169 2312 1229 tantum
2339 1182 2425 1227 ex
2445 1159 2548 1226 illa
2565 1177 2680 1254 ms

509 1269 677 1335 teria
728 1264 1027 1332 delibare
1066 1264 1492 1357 particulam,
1565 1272 1635 1332 et
1672 1287 1847 1354 quae
1883 1266 1953 1331 in
1990 1286 2124 1332 uno
2162 1264 2356 1331 unius
2396 1257 2680 1354 scriptoris,

510 1368 730 1438 Latini
769 1368 942 1436 libro
978 1367 1481 1460 interpretando
1518 1390 1561 1433 a
1585 1367 1777 1436 nobis
1800 1366 2203 1435 adhibeatur
2226 1387 2471 1457 opera,
2517 1359 2675 1453 paulo

514 1473 784 1542 uberius
826 1469 1192 1542 declarare.
1298 1469 1441 1539 Sed
1482 1470 1873 1562 priusquam
1902 1469 2059 1537 illuc
2083 1468 2447 1555 accedam,
2491 1466 2552 1533 in
2571 1462 2673 1531 uai-

512 1595 774 1641 versum
845 1572 1178 1661 quaedam
1244 1572 1407 1640 mihi
1457 1572 1795 1642 monenda
1846 1595 1992 1640 esse
2041 1571 2241 1640 video
2295 1571 2390 1639 de
2435 1568 2673 1646 utilitate,

512 1699 716 1766 quam
762 1697 803 1742 e
843 1675 1131 1744 lectione
1154 1684 1226 1743 et
1249 1676 1610 1744 imitatione
1634 1677 1980 1744 veterum
1961 1697 2028 1743 ιιι
2054 1674 2302 1743 scholis
2329 1672 2596 1741 instituta
2613 1663 2675 1733 td

512 1779 785 1848 iuvenes
825 1778 1206 1847 redundare
1247 1777 1534 1865 debere,
1602 1778 1765 1846 mihi
1802 1800 2078 1868 quoque
2118 1799 2271 1845 cum
2329 1776 2534 1845 multis
2574 1768 2673 1838 alin

513 1904 912 1975 persuasum
935 1882 1183 1952 habeo.
1303 1878 1596 1950 Omnem
1623 1890 1845 1950 autem
1861 1933 1882 1967 ,
1934 1903 2136 1971 quam
2163 1902 2248 1948 ex
2270 1880 2356 1948 iis
2380 1875 2673 1972 percipe*

514 1992 798 2077 possunt
834 1995 902 2053 et
945 1984 1234 2070 debent,
1290 1985 1580 2052 fructum
1606 1983 1714 2052 his
1739 1984 1963 2053 verbis
1989 1983 2312 2051 contineri
2339 1990 2584 2074 putem,
2621 1979 2674 2041 fl

513 2108 776 2179 sapere
816 2097 887 2155 et
904 2085 1085 2180 sari
1127 2088 1436 2156 discant.
1540 2087 1768 2176 Atque
1810 2089 1995 2156 illam
2037 2085 2352 2177 quidem,
2406 2104 2564 2173 quae
2582 2098 2674 2146 aaa

506 2191 809 2260 omnium
849 2190 1107 2280 optime
1132 2213 1172 2257 a
1197 2191 1530 2258 veteribus
1557 2189 1725 2258 disci
1749 2191 1999 2284 poterit
2015 2239 2036 2275 ,
2089 2189 2508 2281 sapientiam,
2553 2199 2674 2276 pro-

508 2292 695 2359 fecto
720 2311 857 2359 non
884 2294 949 2358 in
975 2313 1149 2384 pura
1178 2302 1340 2383 puta
1369 2294 1753 2385 cognitione
1779 2293 2213 2383 antiquitatis,
2259 2284 2676 2384 philosophiae

394 2465 409 2470 ,
513 2404 581 2461 et
619 2392 968 2481 historiae,
1032 2417 1420 2485 quanquam
1463 2404 1529 2463 et
1567 2396 1741 2463 haec
1782 2396 2070 2464 maxime
2112 2404 2267 2463 sunt
2303 2394 2614 2461 fructuosa
2629 2391 2680 2464 ά,

511 2495 869 2587 frugifera,
938 2497 1061 2566 sed
1100 2498 1313 2566 multo
1350 2500 1568 2590 magis
1611 2500 1814 2568 etiam
1850 2498 1920 2566 iu
1944 2497 2143 2567 animi
2168 2497 2257 2567 ad
2279 2516 2545 2565 omnem
2563 2493 2680 2560 seu-5

511 2619 661 2667 sum
700 2598 1002 2690 pulchri,
1054 2601 1350 2686 venusti,
1404 2602 1639 2669 urbani
1655 2652 1677 2688 ,
1728 2601 1992 2670 honesti
2037 2602 2238 2670 etiam
2277 2610 2485 2690 atque
2520 2595 2680 2664 virtu-

510 2702 593 2770 tis
611 2752 631 2788 ‚
686 2709 786 2786 et,
839 2712 915 2769 ut
949 2703 1162 2771 verbo
1202 2703 1464 2789 dicam,
1530 2704 1744 2773 omnis
1769 2704 2198 2772 humanitatis
2223 2701 2509 2771 acuendi
2531 2691 2680 2830 etin-f

510 2803 845 2872 formandi
872 2805 1129 2872 cultura
1156 2806 1447 2894 quadam
1477 2814 1544 2874 et
1567 2808 1855 2875 elatione
1878 2808 2166 2899 positam
2193 2828 2377 2892 esse,
2431 2802 2680 2872 arbitror

510 2903 930 2974 Facundiam
980 2918 1206 2974 autem
1259 2916 1360 2992 et,
1432 2931 1606 2997 quae
1652 2911 1740 2977 ab
1794 2932 1877 2978 ea
1924 2909 2211 3001 pendet,
2263 2906 2680 2975 elocutiones,

508 3029 715 3097 quam
763 3031 803 3075 e
846 3017 1145 3076 veterum
1189 3010 1480 3078 lectione
1524 3034 1917 3103 comparare
1961 3013 2085 3081 sibi
2139 3011 2395 3079 debent
2443 3011 2680 3078 iuvenes

508 3131 647 3177 non
685 3129 837 3177 eam
879 3133 1025 3182 esse
1067 3122 1274 3203 puto,
1346 3136 1523 3201 quae
1563 3115 2036 3182 versicolorem
2085 3137 2129 3181 e
2165 3114 2361 3181 variis
2413 3099 2681 3200 loquendi

509 3211 812 3279 formulis
851 3213 1147 3303 undique
1186 3216 1692 3304 consarcinatis,
1763 3227 1832 3284 et
1868 3217 2087 3285 nitidis
2131 3214 2531 3305 quibusdam
2567 3226 2680 3277 σαν

509 3315 862 3382 tentiarum
899 3317 1189 3385 flosculis
1232 3327 1587 3387 centonem
1631 3320 1924 3402 consuit,
1992 3329 2059 3387 et
2097 3319 2374 3386 salebris
2420 3297 2680 3385 orationi*

507 3438 668 3484 suae
708 3417 776 3484 in
817 3419 1172 3509 periodum
1212 3420 1504 3509 aliquam
1551 3419 1640 3489 ad
1679 3422 2111 3490 imitationem
2163 3420 2405 3489 veteris
2457 3411 2680 3485 alieuius

506 3519 797 3587 auctoris
840 3522 1168 3590 conclusis
1189 3572 1208 3606 ,
1275 3523 1468 3610 quasi
1507 3544 1582 3591 re
1622 3525 1797 3592 bene
1824 3534 2056 3616 gesta,
2107 3522 2478 3613 triumphat
2501 3511 2680 3588 2th

509 3645 658 3691 rum
704 3623 772 3689 in
811 3623 1090 3691 modum
1130 3647 1282 3692 sese
1322 3625 1654 3712 venditat,
1725 3627 1847 3694 sed
1888 3650 2073 3713 eam,
2128 3648 2306 3715 quae
2330 3624 2606 3693 cernitur
2633 3615 2680 3680 im

505 3726 660 3817 ipsa
708 3723 1087 3795 inventione
1138 3736 1210 3795 et
1258 3736 1402 3795 toto
1454 3729 1767 3796 orationis
1818 3729 2087 3815 habitu,
2133 3731 2202 3796 in
2257 3725 2535 3799 naturali
2579 3718 2680 3794 ἱΙΙΙ,

502 3841 639 3917 per
685 3836 897 3896 totam
962 3830 1332 3897 orationem
1387 3830 1574 3917 fusa,
1652 3852 1874 3952 quam·
1920 3832 2133 3923 magis
2185 3832 2424 3899 sentire
2486 3840 2680 3920 poem&

445 3944 486 4010 7
506 3947 710 4018 quam
751 3932 1122 4022 explicare,
1187 3943 1536 4000 venustate
1577 3942 1671 4018 et,
1742 3943 1815 4003 ut
1857 3935 1924 4001 in
1966 3957 2188 4024 pauca
2225 3956 2335 4001 me
2363 3930 2680 4000 conferam.

500 4031 569 4100 in
610 4030 820 4099 tribus
858 4033 1015 4118 illis,
1070 4035 1312 4123 quibus
1339 4057 1612 4104 omnem
1650 4036 1830 4105 bene
1869 4036 2202 4106 scribendi
2244 4046 2454 4105 artem
2503 4023 2675 4102 confi·

442 4152 451 4162 ·
500 4133 643 4199 neri
684 4133 962 4219 scimus,
1029 4137 1341 4204 orationis
1386 4138 1733 4206 virtutibus
1753 4190 1773 4226 ,
1826 4141 2339 4232 perspicuitate,
2393 4132 2680 4229 gravifflss

497 4242 566 4299 et
608 4233 949 4301 suavitate.
1054 4236 1247 4320 Quos
1273 4239 1552 4328 quidem
1579 4241 1952 4311 uberrimos
1979 4243 2575 4328 saluberrimosque
2596 4252 2680 4298 8²·

628 4377 681 4441 ⁴)
715 4379 856 4446 apud
888 4378 1220 4433 Plutarchum
1256 4382 1309 4434 in
1347 4382 1451 4440 Vit.
1488 4386 1675 4442 Auton-
1714 4404 1762 4456 p.
1784 4384 1902 4443 653.
1943 4389 2004 4444 A.
2041 4389 2164 4445 odit.
2207 4388 2318 4446 Frr.
