2725 4859
502 312 1730 364 υιιιπωινιιπηιοιιιιπιιιιιιτιι.
2146 235 2326 370 21

75 453 373 546 putatione
409 451 547 522 hoe
584 452 750 522 mihi
786 452 1006 545 magis
1043 452 1472 545 propositum
1509 453 1749 540 fuisse,
1817 463 1892 524 ut
1931 477 2139 545 quam
2177 458 2247 527 iu

75 558 407 627 uuiversum
458 556 547 626 de
593 556 909 626 uberiore
958 556 1299 649 scriptoris
1351 556 1626 628 alicuius
1674 553 1902 632 Latini
1950 560 2248 652 explica-

74 659 247 745 tione,
308 683 507 751 quam
545 660 904 729 lectionem
934 661 1274 728 statarium
1308 662 1588 748 vocant,
1650 661 1721 730 in
1746 661 1966 731 animo
1994 685 2245 736 couce-

70 784 249 854 pmm
268 763 662 856 imaginem,
714 762 851 834 hoc
878 744 1193 854 exemplo
1220 712 1619 832 delineatam
1648 763 1883 834 darem
1912 774 1984 834 et
2002 766 2246 836 adum-

70 867 289 934 bratam
330 867 733 954 lectoribus,
804 888 1010 957 quam
1034 874 1143 953 ut,
1194 888 1373 955 quae
1398 867 1730 956 subtilius,
1784 877 1854 938 et
1876 868 2245 944 secundum

68 969 389 1038 severiores
432 969 717 1038 critices
752 965 1087 1060 aliasque
1090 969 1646 1060 interpretationis
1683 971 1873 1064 leges
1915 972 2005 1041 de
2040 972 2247 1044 Cice-

66 1073 213 1142 ronis
248 1073 548 1166 epistolis
586 1071 892 1166 legendis
930 1071 1482 1164 explicandisque
1521 1073 1692 1142 tradi
1735 1083 2243 1169 possent‘prae-

66 1184 259 1267 cepta,
307 1177 735 1268 attingerem.
839 1174 1161 1245 Ceterum
1199 1173 1383 1242 idem
1428 1175 1791 1246 institutum
1826 1200 2021 1264 mox,
2102 1171 2240 1250 σὺν
2261 1187 2349 1254 29

64 1281 183 1372 θεῷ
223 1281 426 1350 εἰπεῖν
441 1330 463 1368 ,
517 1280 587 1347 ἰιι
625 1279 759 1348 alio
802 1279 1167 1371 scriptore,
1217 1277 1542 1347 Terentio
1581 1278 1892 1367 forsitan,
1947 1283 2138 1371 sequi
2175 1283 2245 1351 in

42 1381 246 1452 ‘animo
280 1392 414 1469 est,
478 1382 549 1452 in
589 1404 727 1473 quo
769 1403 937 1471 quos
978 1381 1407 1474 expeditioris
1447 1382 1778 1471 lectionis,
1843 1384 1984 1453 sive
2008 1407 2244 1456 curso-

64 1484 199 1574 rite,
244 1434 483 1556 limites
510 1484 1008 1556 constituendos
1059 1507 1207 1554 esse
1168 1493 1471 1626 putem
1485 1537 1507 1575 ,
1568 1486 1956 1558 declarabo.

1044 1783 1210 1870 ιι.

65 1939 203 2030 DE
235 1923 1456 2076 [NTERPRETATIONE
1485 1939 2099 2033 TERENTII
2127 1945 2245 2058 *).

1095 2220 1155 2295 1.

230 2340 407 2413 Cum
433 2344 597 2413 olim
621 2345 914 2414 muneris
937 2343 1009 2412 in
1031 2342 1165 2413 hac
1191 2343 1426 2415 schola
1450 2344 1842 2435 auspicandi
1868 2367 2090 2431 causa,
2131 2365 2248 2414 ar·-
2265 2347 2309 2412 3
2363 2347 2398 2362 “

58 2459 414 2535 gumentum
455 2448 733 2537 aliquod
771 2470 857 2516 ex
905 2448 982 2515 iis
1021 2447 1289 2534 litteris,
1338 2450 1408 2516 in
1460 2449 1701 2537 quibus
1745 2448 2248 2517 adolescentum

60 2549 229 2616 animi
250 2550 603 2619 erudiffldi
627 2551 817 2619 nobis
844 2559 1100 2639 essent,
1140 2551 1514 2643 petendum
1559 2562 1627 2620 et
1651 2553 1901 2643 scripto
1924 2551 1992 2618 in
2015 2545 2246 2642 publi-

61 2669 186 2719 cum
204 2655 557 2747 proposito
587 2653 1054 2746 explicandum
1081 2663 1291 2742 esset,
1331 2678 1466 2723 non
1494 2655 1781 2723 alienum
1808 2659 1953 2724 esse
1977 2654 2247 2745 putavi-

60 2774 181 2822 mus
203 2756 285 2824 ab
325 2780 409 2826 ea
436 2757 817 2848 provincia,
867 2780 1044 2847 quae
1084 2757 1278 2826 nobis
1315 2758 1628 2849 imposita
1669 2766 1881 2838 esset,
1933 2754 2098 2845 quid
2121 2779 2250 2823 no·

60 2854 145 2923 bis
183 2856 264 2926 de
316 2860 870 2951 interpretatione
926 2860 1359 2954 epistolarum
1409 2859 1755 2928 Ciceronis
1811 2857 1899 2926 ad
1946 2856 2247 2927 diversos

60 2955 403 3033 aelectione
446 2963 749 3051 stataria,
789 2962 974 3031 cuius
1001 2963 1385 3055 exemplum
1410 2964 1592 3032 illam
1620 2985 1765 3031 esse
1803 2962 2247 3048 volueramus,

58 3061 367 3154 videatur,
412 3066 685 3134 uberius
713 3065 1077 3135 declarare.
1131 3064 1336 3135 Cuius
1363 3065 1637 3134 instituti
1660 3066 1869 3135 nostri
1895 3087 2246 3135 cumnon-

63 3161 203 3234 dum
222 3191 340 3236 nos
364 3168 805 3261 poenituerit,
857 3169 1120 3261 quippe
1160 3157 1351 3258 quod
1390 3170 1674 3238 aliorum
1715 3191 2021 3259 quoque,
2070 3189 2247 3257 quo·-

60 3287 184 3335 nnn
206 3270 527 3363 suffragia
566 3272 793 3340 tulisse
831 3293 967 3340 non
992 3273 1225 3340 ultima
1261 3273 1405 3340 laus
1442 3281 1574 3358 est,
1628 3274 1887 3341 calculo
1925 3292 2248 3361 compro-

59 3367 261 3441 batum
312 3396 462 3443 esse
517 3375 939 3467 accepimus,
992 3375 1246 3466 placuit
1296 3377 1430 3443 hac
1482 3375 1816 3445 scribendi
1874 3374 2252 3459 occasione,

60 3492 213 3560 quae
248 3476 681 3546 commodum
721 3501 795 3546 se
820 3478 1012 3545 nobis
1038 3479 1311 3566 obtulit,
1364 3478 1456 3545 ita
1493 3479 1622 3564 uti,
1677 3487 1756 3546 ut
1793 3475 2008 3563 aliud,
2060 3474 2252 3565 quod

60 3571 197 3646 huic
219 3579 417 3649 affine
442 3590 618 3649 esset
661 3590 728 3648 et
754 3580 1099 3650 consimile
1117 3631 1138 3668 ,
1192 3591 1663 3673 argumentum
1699 3577 2252 3673 pertractandum

63 3681 541 3774 susciperemus,
641 3683 833 3751 Iuvat
888 3683 1092 3776 igitur
1136 3683 1528 3752 sententiam
1574 3692 1870 3751 nostram
1911 3680 1999 3749 de
2041 3681 2248 3748 inter-

63 3786 402 3870 pretatione
427 3785 763 3870 Teremii,
815 3809 1021 3874 quam
1061 3786 1335 3876 quidem
1375 3787 1444 3855 in
1481 3786 1947 3854 scholasticam
1984 3783 2252 3851 institu-

64 3883 282 3955 tionem
323 3888 569 3957 cadere
603 3909 809 3980 posse
843 3890 1278 3983 arbitremur,
1330 3891 1600 3981 paucis,
1660 3911 1796 3982 pro
1840 3886 2253 3972 arctioribus,

68 3988 278 4073 quibus
298 3990 469 4061 haec
498 3993 972 4062 commentatio
1005 3994 1514 4083 circumscripta
1555 4002 1690 4078 est,
1741 3989 2058 4059 limitibus
2081 4013 2250 4111 pro-

70 4086 253 4180 fure,
301 4103 368 4162 et
406 4117 610 4186 quam
639 4097 708 4163 in
752 4118 838 4163 eo
879 4096 1334 4187 explicando
1314 4096 1445 4188 ipsi
1470 4094 1698 4163 adhuc
1744 4096 2007 4189 sequuti
2045 4096 2254 4170 simus

73 4190 247 4280 viam,
290 4195 579 4290 ingenue
603 4197 926 4291 profiteri.

187 4391 234 4460 ⁸)
265 4391 407 4448 nm
439 4391 671 4464 prolusio
708 4390 901 4464 prodiit
935 4392 1191 4446 Gubenae
1224 4405 1274 4445 a.
1312 4390 1460 4448 1786.
