2725 4859
731 322 740 331 .
798 310 866 355 uc
908 308 1162 358 oms
1193 307 1603 383 ramosis.
2174 284 2319 354 421

45 445 340 516 decem
353 442 1024 537 rninoribuspictufis,
1052 467 1218 535 quas
1241 444 1504 514 duabus
1533 442 2004 539 grandioribus
2031 445 2323 513 circum-
2420 470 2427 477 ·

53 548 288 618 (ledit
304 597 326 633 ‚
379 566 548 640 quas
596 547 685 616 ab
726 547 965 641 insigni
1002 546 1516 641 chalcographo
1553 547 1913 619 Dominico
1942 546 2031 615 de
2061 546 2320 641 Rubeis

55 651 483 723 Xlltabulis
500 650 721 720 aeneis
738 650 995 741 (addita
1016 650 1577 723 scilicet'Galatea
1601 651 1667 720 in
1696 648 1936 719 eadem
1949 649 2318 719 Famesina

57 757 360 849 pictura
382 746 945 846 ingeniosissima)
977 752 1344 849 exscriptas
1378 762 1446 823 et
1470 753 1663 823 titulo
1698 752 2000 825 Amoris
2028 760 2103 823 et
2124 753 2314 847 Psy-

67 857 273 928 ahsa
300 856 604 952 nuptiae
626 878 724 926 ae
736 854 1021 949 fabula
1046 858 1280 944 (Rom.
1309 853 1567 947 1693.)
1593 856 1936 949 insignitus
1966 857 2037 926 in
2062 857 2317 927 delicffis

69 960 367 1052 habeat,
394 960 720 1053 quicquid
733 962 988 1051 ubique
1012 968 1114 1031 est
1137 959 1489 1030 hominum
1507 960 1979 1030 venustiorum.

160 1420 168 1426 .
229 1340 868 1429 ExcUBSIJS
919 1351 1097 1427 lm
1143 1350 1469 1431 Vm
1470 1350 1554 1426 0
1603 1343 2177 1425 mentm.

259 1485 442 1565 Orgia
480 1486 754 1548 Bacchica
793 1504 828 1548 e
855 1487 1017 1568 Nysa
1048 1488 1242 1551 Indiae
1281 1490 1341 1549 in
1361 1488 1661 1550 Thraciam
1701 1492 1761 1547 et
1788 1487 1922 1547 inde
1961 1486 2019 1544 in
2049 1483 2317 1558 reliquam

69 1570 386 1631 Graeciam
430 1572 669 1633 advecta
716 1572 924 1654 duplici
970 1576 1135 1652 signo
1187 1572 1436 1656 phallum
1456 1575 1539 1651 *),
1604 1572 1758 1632 hisce
1798 1570 1967 1631 sacris
2014 1568 2317 1628 arctissime

71 1674 403 1719 connexum
445 1663 504 1716 et
545 1657 894 1737 copulatum,
930 1660 1176 1720 indicare
1226 1659 1411 1725 solita¹
1432 1665 1563 1718 sunt
1614 1658 1753 1718 cista
1803 1656 2035 1739 mystica
2077 1659 2135 1712 et
2176 1670 2314 1710 van—

71 1759 168 1800 no
209 1742 459 1818 mystica.
546 1740 769 1815 Draco,
834 1761 1061 1823 serpens
1115 1764 1150 1803 e
1185 1742 1349 1803 ⁴cista
1391 1736 1606 1802 curiosa
1652 1739 2078 1817 investigatione
2117 1743 2316 1815 aperta

71 1826 433 1911 promicanS,
477 1825 648 1905 phalli
688 1825 842 1886 haud
883 1828 1053 1889 dubie
1093 1828 1200 1888 fuit
1230 1827 1559 1906 symbolum.
1647 1823 1838 1902 Atque
1858 1825 2007 1883 idem
2035 1820 2314 1898 significa-

71 1911 258 1970 batur
297 1911 464 1971 etiam
493 1930 680 1971 vanno
723 1913 981 1992 (proprie
1021 1914 1392 1973 instrumento
1424 1911 1634 1971 rustico
1673 1910 1750 1969 ad
1793 1926 1973 1985 grana
2007 1906 2185 1984 paleis
2224 1922 2312 1964 se-

69 1997 369 2055 oernenda
409 1998 664 2076 usin-pari
719 1997 906 2071 solito,
961 1997 1055 2057 die
1095 1997 1427 2075 Schwhge,
1484 1996 1723 2055 Wanne.
1772 1995 1932 2070 Virg.
1977 1987 2313 2066 Georgm,

73 2073 269 2156 134.)
331 2080 581 2158 mystica.
657 2080 920 2141 'Scilicet
967 2100 1184 2141 vannus
1244 2082 1352 2141 ista
1423 2080 1756 2159 implebatur
1816 2078 2028 2159 pomis,
2083 2075 2314 2155 ficubus,

70 2164 250 2225 malis
283 2161 530 2237 Punicis,
580 2164 655 2225 ad
696 2166 1034 2226 fertilitatem
1078 2172 1138 2227 et
1177 2165 1579 2226 abundantiam
1622 2164 2027 2223 declarandam.
2060 2222 2063 2227 ,
2110 2160 2311 2218 Vanno

73 2249 241 2310 enim
303 2249 360 2308 in
412 2251 581 2309 sacris
636 2248 984 2329 Dionysiada
1041 2253 1237 2311 eadem
1261 2294 1281 2326 ,
1359 2269 1509 2329 quae
1546 2247 1953 2308 Abundantiae
2003 2251 2142 2304 nota
2195 2244 2314 2302 sive

73 2352 264 2394 cornu
303 2332 534 2415 Copiae.
620 2335 739 2393 Sed
790 2335 1069 2396 eminebat
1118 2354 1188 2395 ex
1241 2337 1352 2394 ista
1406 2353 1701 2414 pomorum
1748 2332 2013 2410 congerie
2063 2330 2308 2413 fascinus

73 2425 307 2479 eret-,tm
321 2461 340 2492 ,
385 2418 640 2499 phallus,
697 2421 800 2479 sed
851 2427 916 2480 ut
954 2421 1162 2499 pudori
1203 2420 1293 2480 vel
1334 2419 1596 2497 mysterio
1638 2418 2048 2489 consuleretur,
2089 2414 2310 2474 velam.

73 2501 342 2563 Fuerunt
371 2497 768 2584 κερνοφόροι,
804 2504 1092 2579 Bacchae,
1130 2504 1384 2584 Dionyso
1417 2523 1615 2565 sacrae
1642 2504 1897 2563 mulieres
1910 2545 1932 2576 ,
1983 2518 2132 2578 qnae
2172 2517 2314 2559 van-
2364 2502 2369 2508 '

73 2606 222 2650 num
259 2589 422 2649 istam
461 2589 519 2648 in
575 2589 760 2668 capite
797 2596 1104 2670 portarent.
1189 2590 1255 2648 ln
1296 2589 1618 2668 anaglypho
1662 2585 2140 2668 praestantissimo
2183 2582 2312 2642 Mu-

74 2673 166 2732 sei
208 2671 690 2741 Pio-Clementini
730 2672 802 2745 T.
826 2674 923 2734 IV.
956 2681 1071 2734 ίαν.
1109 2674 1317 2734 XXIX.
1360 2673 1726 2752 conspicimus
1765 2671 2064 2747 Tinyadem
2104 2668 2312 2727 saltan-

71 2766 202 2817 tem
244 2760 303 2817 et
344 2759 561 2817 sinistra
598 2778 843 2819 vannum
892 2758 1196 2832 eiusmodi,
1247 2777 1280 2819 e
1321 2776 1435 2833 qua
1475 2756 1724 2836 phallus,
1767 2754 1868 2814 sed
1909 2754 2153 2827 velatus,
2197 2748 2311 2811 elh-

70 2847 325 2923 vantem.
408 2841 700 2903 Praeclare
729 2843 805 2902 ibi
838 2843 987 2903 hunc
1024 2844 1193 2903 ritum
1227 2842 1527 2915 „illustravit
1582 2841 1873 2901 Vt'scontt‘m
1907 2859 1964 2918 p.
1986 2832 2090 2897 59.
2187 2831 2313 2895 Nec

74 2925 458 2988 dubitandum
499 2933 618 3003 est,
660 2928 1035 3008 πυραμίδας,
1085 2945 1232 3004 quas
1268 2928 1335 2985 iis
1384 2932 1642 2986 accenset
1681 2924 1940 2984 clasma
1981 2919 2313 2982 Alexandri-

73 3024 194 3072 nus
234 3012 294 3072 in
333 3011 615 3092 Pmtoept.
655 3008 877 3092 p.10.,
927 3031 1074 3091 quae
1112 3013 1283 3072 insint
1320 3011 1469 3071 cistis
1511 3011 1787 3089 mysticis,
1832 3008 1907 3068 ad
1947 3007 2122 3089 phalli
2162 3005 2311 3083 figu-
2412 3049 2419 3055 .
2528 2964 2547 2977 ’“

76 3110 209 3155 ram
255 3098 543 3175 mysticam
593 3100 915 3158 referendas
967 3117 1107 3157 esse.
1192 3097 1373 3157 Porro
1432 3102 1620 3155 autem
1669 3094 1943 3175 probabili
1964 3162 1971 3171 ,
1994 3092 2310 3152 coniectura

77 3181 243 3241 ducti
287 3181 399 3241 hoc
441 3200 670 3258 quoque
710 3183 995 3243 affirmare
1035 3200 1364 3263 possumus,
1408 3183 1582 3240 fixisse
1612 3181 1668 3239 in
1698 3178 2095 3238 initiationibus
2138 3194 2310 3256 pecu·

79 3265 279 3325 liarem
318 3266 578 3343 aliquem*
602 3269 766 3326 ritum
788 3310 807 3342 ,
879 3286 994 3346 quo
1036 3266 1257 3347 phallus
1309 3285 1496 3324 vanno
1540 3266 1782 3323 insertus
1822 3269 1880 3322 et
1920 3263 2103 3344 pomis
2143 3261 2311 3319 variis

75 3348 324 3430 stipatam
367 3351 538 3431 capiti
574 3351 749 3424 illius,
800 3354 898 3428 qui
939 3354 1052 3410 iam
1090 3350 1395 3410 initiandus
1436 3355 1615 3423 esset,
1660 3349 1843 3408 bonae
1870 3346 2103 3407 scaevae
2141 3362 2312 3404 cuma

76 3438 479 3515 irnponeretnr.
582 3435 868 3496 Laudavit
923 3435 1034 3510 iam
1084 3435 1406 3495 viscontius
1452 3434 1702 3497 tabulam
1755 3433 1960 3512 pictam
2011 3450 2050 3491 e
2084 3429 2309 3490 Bellorii

77 3536 258 3598 opere
300 3518 553 3584 Returae
592 3524 849 3601 antiquae
888 3526 1194 3599 cryptarum
1235 3518 1610 3579 Roman-cmm
1658 3518 1852 3593 (Rom.
1879 3511 2076 3591 1738)
2119 3516 2311 3574 inscri-

74 3610 219 3685 pto,
276 3624 447 3684 quam
487 3607 547 3665 in
593 3605 855 3685 Esquiliis
896 3605 1027 3664 olim
1071 3605 1367 3679 effossam,
1425 3603 1758 3664 delineatam
1778 3666 1783 3675 ,
1801 3602 1959 3661 dedit
2011 3598 2157 3659 Tab.
2180 3595 2310 3656 xll.

73 3711 142 3770 p.
166 3683 266 3749 5³.
317 3691 376 3750 in
425 3709 540 3767 qua
590 3692 891 3751 initiandus
944 3708 1104 3749 sacra
1151 3690 1300 3749 stola
1354 3690 1600 3763 velatus,
1666 3706 1812 3763 quae
1863 3690 2033 3764 caput
2080 3700 2310 3759 quoque

75 3773 297 3853 operit,
340 3793 378 3834 a
419 3775 639 3835 duabus
680 3776 995 3835 mulieribus
1036 3776 1387 3834 dextrorsum
1430 3775 1918 3846 sinistrorsumque
1955 3766 2310 3826 adstantibus

74 3859 255 3918 sacris
276 3860 357 3920 ita
375 3859 668 3935 imbuitur,
711 3867 777 3920 ut
797 3878 1012 3921 vannus
1042 3861 1275 3936 mystica
1301 3876 1470 3936 super
1502 3861 1673 3935 eaput
1702 3856 1819 3914 eim
1850 3850 2105 3911 manibus
2140 3851 2310 3910 sacri-

77 3943 373 4004 ficnlarnm
428 3946 782 4005 sustineatur.
889 3945 1096 4023 ingens
1156 3963 1195 4003 e
1241 3942 1390 4002 vallo
1451 3941 1785 4022 protuberat
1838 3936 2088 3997 cumulus
2130 3938 2309 3996 forma
2438 3934 2447 3943 '

77 4029 373 4106 fastigiata
434 4035 494 4089 et
542 4029 812 4109 paulatim
855 4030 1241 4101 decrescente,
1314 4046 1486 4104 quam
1538 4040 1747 4085 corona
1799 4023 2109 4083 redimitam
2154 4022 2304 4081 vittis

76 4120 362 4174 exornant
395 4115 669 4174 mulieres.
755 4114 1028 4173 Bellorius
1061 4113 1383 4191 simpliciter
1412 4129 1614 4170 arcana
1644 4107 1929 4186 religionis
1967 4109 2078 4167 hoc
2108 4110 2307 4166 acervo'

77 4199 316 4258 indicari
358 4204 627 4260 autumat.
714 4199 834 4259 Sed
876 4198 1123 4278 phallum
1167 4214 1292 4256 esse
1345 4196 1483 4256 scite
1526 4195 1742 4254 monuit
1780 4193 2117 4253 Viscontius.
2178 4190 2307 4252 ‘Di-

223 4386 273 4455 ”)
309 4384 486 4441 Locus
520 4386 767 4442 classicus
802 4386 868 4441 de
901 4385 1038 4440 cultu
1068 4382 1291 4456 phallico
1309 4399 1510 4455 semper
1544 4381 1816 4438 habebitur
1850 4380 2108 4438 Herodoti
2140 4380 2209 4444 11,
2227 4378 2311 4434 49.
